5258 6872
1202 477 1289 552 XIX

209 685 353 761 Scilicet
381 685 501 760 adhuc
528 685 766 758 innotuerunt
793 683 869 757 eius
896 683 1038 781 generis
1066 661 1162 756 tituli
1188 697 1263 756 tres
1289 681 1513 756 Damnonioi
1539 684 1590 779 (n.
1615 681 1657 754 17
1683 685 1730 755 24
1755 682 1841 777 25),
1874 680 2052 756 Cambrici
2079 681 2285 779 quindecim

208 818 333 912 (1134
362 817 409 887 48
440 816 485 886 69
516 816 562 886 88
593 815 717 905 89114
748 815 816 884 102
849 815 918 886 106
952 816 1021 885 108
1054 815 1122 886 109
1156 817 1225 885 110
1258 813 1326 883 113
1360 815 1430 883 114
1460 813 1530 883 116
1563 813 1671 908 159),
1706 809 1945 884 Caledonicus
1976 835 2069 882 unus
2102 811 2154 905 (n.
2177 810 2284 904 213);

207 942 339 1040 quibus
369 944 548 1016 accedunt
575 943 648 1015 dno
677 940 842 1040 inscripti
868 940 997 1014 litteris
1022 939 1167 1014 Celticis
1195 939 1540 1035 66116<6.81107;
1570 966 1661 1012 unus
1689 939 1850 1013 eiusdem
1876 938 2017 1037 generis
2045 937 2204 1010 incertus
2232 945 2287 1009 est

207 1099 242 1144 n.
265 1072 345 1166 51);
375 1069 531 1167 denique
561 1069 769 1143 Caledonici
797 1069 1016 1143 recentiores
1045 1095 1127 1142 cum
1155 1067 1359 1142 Hibernicis
1387 1067 1501 1165 magis
1529 1063 2285 1167 666661661166611661(6.21“-24“).

207 1201 306 1302 llere
335 1197 492 1272 Celticos
527 1199 620 1270 duos
653 1197 821 1271 omittere
854 1197 972 1285 nolui,
1005 1223 1086 1270 cum
1114 1196 1309 1269 inlust-rent
1335 1195 1513 1294 bilingues
1541 1209 1651 1294 atque
1678 1196 1713 1267 in
1742 1197 1858 1269 vicem
1885 1196 1930 1268 ab
1957 1194 2007 1267 eis
2033 1177 2285 1267 inlustrantur.

208 1325 394 1414 Quosdam
429 1326 505 1398 eius
538 1326 680 1423 generis
713 1325 833 1399 adhuc
864 1325 978 1398 latere
1009 1326 1173 1398 nondum
1205 1326 1418 1398 observatos
1453 1323 1641 1424 probabile
1672 1335 1728 1397 est
1760 1325 1810 1419 (v.
1847 1324 2022 1396 adnotata
2054 1322 2285 1416 6116117).

98 1491 111 1514 ·
208 1456 346 1528 Extant
384 1453 418 1525 in
455 1454 570 1526 titulis
605 1454 674 1527 illis
709 1454 852 1527 litterae
887 1453 1062 1541 Celticae,
1104 1480 1197 1551 (6166
1233 1453 1335 1526 116616
1372 1464 1515 1524 16611116
1547 1465 1717 1524 constant
1750 1463 1786 1524 et
1820 1453 1965 1551 punctis
2000 1461 2099 1524 certo
2135 1475 2286 1522 numero

210 1583 414 1656 coniunctis
442 1584 641 1654 secundum
670 1583 746 1655 eius
773 1581 975 1680 scripturae
1001 1583 1117 1678 legem
1145 1582 1180 1654 in
1209 1581 1350 1678 angulis
1376 1580 1539 1678 lapidum
1565 1580 1718 1668 incisae,
1749 1582 1993 1678 legunturque
2019 1579 2198 1652 vocabula
2223 1579 2285 1666 ita,

209 1722 249 1782 61
280 1712 325 1784 ab
359 1710 431 1782 imo
468 1736 613 1782 sursum
647 1711 841 1807 procedas;
877 1735 970 1808 qnae
1004 1701 1229 1782 consuetudo
1264 1737 1286 1780 a
1319 1709 1411 1807 palis
1444 1709 1560 1781 cultro
1593 1708 1794 1782 incidendis
1827 1708 2011 1781 derivatur
2037 1706 2285 1806 probabiliter.

211 1837 302 1910 Vere
339 1849 462 1910 autern
488 1838 666 1935 bilingues
694 1863 772 1912 esse
801 1863 927 1911 omnes
957 1839 992 1910 in
1022 1838 1230 1910 universum
1258 1837 1480 1910 credendum
1507 1836 1756 1910 videturesse
1784 1837 1852 1928 eis,
1886 1836 1950 1933 qui
1975 1835 2179 1908 litterarum
2208 1832 2287 1908 Cel-

210 1965 364 2039 tioarum
392 1965 732 2064 interpretationem
760 1966 959 2064 simplicem
987 1991 1074 2040 sane
1102 1977 1389 2065 proposuerunt3
1418 1964 1560 2063 singula
1579 1990 1665 2038 vero
1693 1967 1846 2064 adparet
1871 1963 2183 2062 interpretationis
2211 1987 2288 2035 esse

195 2095 408 2168 'admodum
436 2093 577 2166 dubiae.
618 2093 723 2168 Unde
751 2121 773 2166 a
800 2093 1040 2192 conparandis
1068 2094 1256 2168 nominum
1281 2093 1421 2182 formis,
1450 2093 1575 2188 quales
1601 2093 1770 2190 legantur
1797 2105 1861 2166 aut
1887 2093 1923 2166 in
1942 2093 2073 2167 Latina
2099 2092 2289 2165 titulorum

209 2234 313 2321 parte
347 2233 412 2294 aut
443 2222 478 2294 in
508 2220 663 2319 Celtica,
697 2223 867 2320 equidem
899 2222 1059 2296 abstinui
1093 2223 1284 2320 utriusque
1313 2222 1461 2320 linguae
1494 2222 1528 2293 in
1564 2222 1700 2295 eisdem
1730 2222 1845 2294 titulis
1880 2247 1984 2294 usum
2016 2221 2177 2294 indicare
2204 2211 2288 2294 con·

209 2361 342 2424 tentus.
406 2349 560 2423 Constat
596 2351 824 2424 litteraturae
859 2349 1017 2424 Celticae
1050 2352 1154 2423 iuxta
1187 2349 1340 2422 Latinae
1377 2375 1483 2422 nsum
1516 2352 1665 2423 durasse
1700 2351 1775 2422 fere
1793 2351 1855 2421 ad
1891 2349 2075 2423 saeculum
2110 2350 2289 2423 decimum

183 2479 505 2568 ,undecimumve3
541 2479 721 2553 incertum
754 2505 840 2552 vero
874 2490 929 2552 661
964 2480 1111 2575 quando
1147 2478 1333 2576 inceperit.
1394 2477 1474 2568 Qua
1508 2479 1543 2551 in
1581 2503 1621 2550 16
1656 2478 1888 2552 diiudicanda
1920 2478 2066 2550 minime
2101 2488 2199 2550 certe
2234 2503 2289 2548 se-

212 2608 357 2703 quenda
383 2607 527 2679 videtur
552 2607 865 2706 magniloquentia
892 2607 1082 2680 hominnm
1100 2607 1239 2704 aliquot
1259 2605 1539 2679 Hibernicorum
1559 2604 1835 2680 Cambricorum
1853 2605 2130 2704 Scotorumque,
2158 2631 2305 2678 661611-Ι

212 2735 293 2807 (1661
328 2732 537 2808 0661661666
578 2736 698 2834 666616
736 2735 1048 2834 hypophetarum,
1092 2735 1155 2830 qui
1191 2737 1237 2808 ad
1269 2735 1431 2832 primum
1465 2759 1570 2808 aerae
1601 2746 1747 2808 nostrae
1780 2736 1964 2807 saeculum
1996 2743 2059 2806 aut
2091 2734 2138 2805 ad
2170 2759 2288 2805 remo·

207 2861 303 2934 liora
334 2863 443 2934 etiam
471 2863 500 2937 si
528 2863 583 2935 dis
611 2863 732 2962 placet
756 2875 924 2964 tempora
950 2889 1029 2936 eam
1057 2873 1247 2950 revocant;
1281 2865 1344 2936 sed
1372 2873 1493 2935 tamen
1522 2851 2290 2962 1116166111111666661611111666666111161

210 2988 319 3062 huius
354 2991 515 3090 syllegae
548 3004 786 3066 monumenta
813 2991 1060 3065 vetustissima
1093 2993 1317 3064 numeranda
1349 3015 1427 3063 esse
1458 2990 1553 3062 infra
1585 2991 1785 3088 adparebit.
1838 2990 1967 3086 Itaque
1998 2989 2162 3088 quamvis
2190 3001 2290 3061 certa

210 3118 386 3214 temporis
414 3119 576 3192 definitio
605 3145 649 3193 66
677 3145 723 3194 ex
743 3117 961 3193 Celticarum
990 3119 1137 3218 quidem
1163 3119 1367 3191 litterarum
1396 3145 1461 3190 usu
1490 3118 1816 3196 adcrescattitulis
1835 3118 2052 3192 Britannicis
2072 3117 2288 3206 christianis,

211 3257 332 3319 tamen
361 3257 397 3320 et
424 3247 506 3320 illae
534 3249 568 3321 in
597 3273 745 3321 censum
773 3250 959 3322 vocandae
986 3260 1072 3320 sunt
1099 3248 1143 3319 de
1170 3248 1394 3345 temporibus
1423 3273 1549 3321 eorum
1576 3247 1776 3345 quaerenti.

362 3375 477 3447 Multo
510 3376 586 3448 sine
619 3377 730 3448 dubio
763 3377 983 3450 recentiores
1012 3376 1043 3447 ei
1071 3386 1158 3448 sunt
1184 3375 1296 3464 tituli,
1328 3377 1364 3447 in
1395 3376 1528 3472 quibus
1556 3375 1733 3448 Celticum
1761 3399 1965 3448 sermonem
1992 3373 2132 3448 Latinis
2159 3373 2290 3464 litteris

181 3473 462 3600 ¹consignatum
491 3503 655 3578 videmus
682 3505 802 3601 (66166
829 3505 987 3578 fortasse
1014 3503 1154 3600 generis
1183 3503 1218 3574 hi
1247 3515 1331 3576 sunt
1358 3507 1435 3576 116
1461 3506 1626 3576 124126
1653 3507 1724 3576 208
1752 3506 1823 3575 212
1851 3503 1958 3598 213);
1987 3503 2022 3575 id
2051 3504 2149 3599 quod
2177 3501 2289 3600 scrip-

211 3643 314 3702 turae
342 3631 462 3736 forma
489 3633 725 3705 demonstrat.

262 3987 265 3994 .
367 3889 422 3959 13.
477 3886 553 3959 Iam
583 3887 692 3985 igitur
718 3912 761 3960 eo
789 3889 927 3989 delapsi
956 3914 1081 3962 sumus
1110 3899 1164 3976 nt,
1198 3913 1281 3962 cum
1308 3913 1427 3986 neque
1454 3899 1733 3986 extemporum
1761 3887 2213 3986 66116166611611666666
2241 3905 2428 3958 6116611116-

212 4015 400 4087 nominum
426 4015 667 4089 formularum
694 4014 881 4114 signoruni
909 4018 1206 4114 symbolorumve
1235 4043 1302 4090 usu
1329 4041 1396 4089 nec
1423 4016 1579 4113 denique
1605 4041 1652 4089 ex
1679 4016 1855 4090 sermonis
1881 4015 2166 4114 proprietatibus
2189 4025 2286 4086 aeta-
2320 3991 2409 4099 ,¹322

211 4154 284 4215 tem
320 4143 508 4216 titulorum
545 4144 754 4218 adcuratius
791 4145 931 4218 definiri
966 4156 1181 4242 conpertum
1214 4144 1449 4234 haberemus,
1490 4145 1645 4216 formam
1682 4144 1902 4242 scripturae,
1940 4168 2034 4240 quae
2067 4143 2145 4216 sola
2177 4152 2293 4215 restat

212 4272 487 4360 consideranda,
516 4298 598 4346 cum
627 4297 716 4346 cura
742 4273 1005 4372 explorandam
1035 4299 1114 4346 6666
1141 4270 1340 4348 videamus,
1394 4273 1604 4370 Scripturas
1630 4273 1787 4345 varietas
1813 4272 1876 4344 illa
1902 4297 1984 4345 cum
2011 4271 2109 4370 typis
2137 4269 2290 4368 exprimi

213 4425 284 4470 non
312 4412 450 4497 posset,
479 4402 541 4474 sed
570 4401 786 4499 imaginibus
814 4412 956 4474 tantum
985 4404 1031 4474 ad
1059 4413 1190 4500 ectypa
1217 4401 1408 4481 titulorum
1434 4401 1589 4474 fideliter
1608 4399 1807 4488 (16111166116,
1837 4399 2020 4474 academia
2041 4399 2141 4496 regia
2158 4399 2291 4472 Berus-

213 4527 288 4600 sica
319 4527 492 4625 inpensae
524 4529 560 4600 in
593 4555 673 4602 earn
706 4554 781 4602 rem
811 4529 1033 4603 necessariae
1062 4541 1203 4628 partem
1230 4553 1312 4600 meo
1339 4541 1471 4626 rogatu
1499 4528 1535 4600 in
1563 4553 1601 4601 se
1629 4527 1815 4626 suscepit·
1846 4527 2064 4634 ⁸Delineatae
2092 4539 2178 4600 sunt
2202 4525 2291 4598 ima·

213 4656 313 4754 gines
341 4681 459 4743 meae,
493 4669 532 4729 ut
559 4656 839 4754 inscriptionum
867 4657 1147 4731 christianarum
1175 4656 1391 4755 Hispaniae,
1425 4657 1460 4729 in
1490 4656 1656 4754 Hugonis
1683 4655 1879 4729 Bt'rrhner
1904 4655 2119 4728 Dresdensis
2147 4653 2293 4726 officina
2339 4710 2340 4713 .

214 4783 458 4858 celeberrima.
513 4783 662 4856 Summa
692 4785 729 4856 id
757 4811 814 4857 me
842 4787 956 4884 egisse
984 4811 1088 4874 cura,
1126 4797 1166 4858 nt
1192 4786 1381 4858 titulbrum
1409 4785 1583 4883 imagines
1609 4785 1739 4857 fierent
1766 4809 1877 4893 qnam
1902 4783 2115 4872 fidissimae,
2148 4781 2211 4854 vix
2236 4791 2293 4853 est
2325 4776 2327 4780 ’

215 4913 314 5006 quod
346 4937 532 5000 moneam3
568 4925 679 5008 atque
711 4913 851 4985 adiuvit
883 4938 999 4986 meam
1033 4913 1127 4985 hanc
1161 4939 1286 4987 curam
1318 4940 1391 4986 non
1424 4913 1552 4986 leviter
1578 4912 1729 5011 Rhysii
1761 4912 1950 4985 oculorum
1977 4913 2072 4986 acies
2099 4909 2293 5004 iudiciique

216 5039 407 5112 subtilitas.
463 5039 598 5112 Tamen
634 5039 669 5112 in
698 5040 748 5113 eis
776 5041 1006 5139 potissimum
1034 5040 1232 5140 lapidibus,
1267 5041 1302 5113 in
1333 5041 1464 5136 quibus
1492 5042 1662 5115 standum
1689 5039 1794 5112 nobis
1822 5050 1900 5112 crat
1925 5041 1960 5112 in
1989 5038 2163 5137 exemplis
2189 5048 2292 5111 vetu-

216 5167 406 5256 stioribus,
438 5167 548 5240 fidem
584 5167 642 5240 hic
676 5168 748 5243 illic
782 5170 901 5242 adhuc
934 5169 1131 5243 desiderari
1164 5197 1236 5242 non
1271 5170 1501 5243 mirabuntur
1527 5168 1648 5269 periti,
1684 5167 1746 5266 qui
1773 5191 1883 5263 quarn
1910 5165 2081 5241 rari'sint
2106 5167 2213 5266 probi
2238 5165 2292 5238 in-

216 5293 454 5392 scriptionum
490 5295 733 5394 descriptores
765 5323 838 5370 non
867 5295 1048 5394 ignorant.
1104 5297 1329 5396 Scripturam
1360 5298 1471 5397 igitur
1497 5297 1528 5370 si
1554 5296 1844 5386 consideramus
1878 5298 1950 5370 duo
1977 5295 2135 5394 primum
2161 5319 2294 5392 genera

216 5422 407 5494 titulorum
440 5423 743 5522 deprehendimus
777 5425 1034 5523 distinguenda
1070 5451 1163 5513 esse,
1199 5426 1351 5498 alterum
1387 5451 1514 5499 eorum
1547 5426 1610 5524 qui
1644 5425 1851 5500 maiusculis
1882 5424 2010 5497 litteris
2044 5422 2170 5520 scripti
2196 5433 2293 5513 sunt,

217 5550 370 5623 alterum
405 5551 469 5648 qui
504 5551 715 5625 minusculis
746 5554 796 5648 (v.
825 5553 978 5626 indicem
997 5553 1049 5629 XI
1075 5581 1110 5652 p.
1133 5557 1208 5652 98).
1258 5558 1380 5651 Atque
1413 5555 1482 5628 hos
1515 5554 1660 5650 quidem
1691 5553 1796 5628 facile
1828 5552 2049 5651 intellegitur
2075 5551 2294 5626 recentiores

218 5701 295 5750 esse
324 5704 436 5775 quam
463 5678 554 5769 illos,
584 5690 624 5751 ut
652 5707 761 5779 supra
789 5681 932 5780 saepius
960 5682 1100 5770 monui;
1128 5683 1250 5778 itaque
1277 5683 1321 5754 ab
1349 5682 1419 5756 illis
1446 5681 1702 5781 incipiendum.
1748 5680 1943 5754 Praeterea
1968 5681 2003 5752 in
2031 5679 2294 5755 recentioribus

218 5805 325 5878 solito
360 5808 468 5879 modo
502 5809 683 5906 scriptura
716 5810 948 5884 dextrorsum
982 5812 1177 5885 decurrens
1211 5811 1246 5882 'm
1278 5810 1370 5884 facie
1400 5810 1591 5883 titulorum
1624 5810 1676 5882 ita
1708 5809 1899 5882 conlocata
1928 5819 1999 5898 est,
2036 5821 2076 5882 61
2110 5810 2154 5881 (16
2185 5809 2294 5908 61666

193 5945 317 6018 Ε16616
344 5934 415 6031 legi
442 5937 569 6033 possit.
624 5935 777 6010 Diversa
804 5963 891 6010 vero
919 5951 975 6011 est
1002 5937 1181 6014 scribendi
1209 5939 1302 6010 ratio
1330 5939 1365 6010 in
1394 5936 1509 6011 titulis
1536 5937 1806 6011 vetustioribus.

372 6062 526 6137 Celticas
562 6064 702 6138 litteras
738 6065 774 6137 in
810 6065 1033 6163 marginibus
1068 6067 1230 6164 lapidum
1263 6066 1395 6140 incisas
1432 6066 1477 6138 ab
1512 6066 1584 6139 imo
1620 6065 1739 6163 lapide
1772 6089 1916 6138 sursum
1951 6053 2148 6163 procedere
2184 6089 2295 6160 supra
2350 6120 2355 6130 .

221 6189 313 6279 dixi3
349 6191 532 6265 contraria
558 6192 699 6266 ratione
727 6191 762 6264 in
789 6191 906 6266 titulis
933 6193 1198 6292 antiquioribus
1225 6195 1333 6292 longe
1360 6193 1524 6292 plurimis
1551 6220 1573 6266 a
1599 6217 1740 6267 summo
1766 6192 1888 6291 lapide
1914 6191 2094 6291 scriptura
2119 6190 2295 6289 incipiens

1955 6315 1993 6372 θ’
