5242 6862
743 1735 852 1859 xvj
889 1774 1155 1927 uuuruvlp
1185 1775 1511 1858 saruluurlu
1542 1773 1815 1908 saetosus.

160 2143 163 2150 Ι
229 2168 294 2228 165
323 2168 516 2247 Witohurolr,
532 2169 640 2240 Hunis,
663 2165 794 2228 lundred
814 2172 849 2245 os
861 2169 1006 2246 Eoiupor,
1029 2168 1198 2244 Kiuqaelere
1220 2171 1352 2239 division,
1376 2188 1469 2247 prope
1491 2139 1600 2228 flumen
1619 2169 1707 2226 Teate.
1744 2167 1864 2225 Titulus
1887 2167 2017 2242 soriptus
2040 2172 2087 2222 est
2108 2163 2196 2222 lineis
2219 2162 2336 2221 duabus

274 2289 368 2347 supra
389 2271 524 2330 absidem
549 2271 810 2344 semicircularem,
832 2272 862 2328 in
885 2289 946 2348 quo
967 2279 1014 2329 est
1035 2279 1171 2346 protome
1193 2271 1332 2328 feminae.
1360 2267 1470 2349 ¹Lapis
1493 2271 1572 2328 altus
1596 2277 1641 2327 est
1658 2263 1690 2345 'p.
1712 2271 1721 2324 1
1749 2269 1809 2346 dig.
1828 2268 1875 2338 10,
1898 2268 1977 2325 latus
1999 2287 2028 2343 p.
2046 2267 2059 2322 l
2085 2264 2145 2341 dig.
2163 2266 2191 2323 9.

929 2445 934 2453 ’
991 2465 1041 2622 ,1,
1069 2475 1120 2518 nic
1141 2473 1262 2518 conrvs
1284 2476 1475 2518 suleavaous
1498 2443 1591 2530 as'Qu

1067 2576 1149 2620 ascri
1173 2579 1204 2618 ιΝ
1222 2577 1304 2630 ,sacr
1329 2587 1360 2619 ·..
1378 2605 1384 2618 .
1402 2605 1408 2619 .
1433 2577 1592 2620 ssrvurvu

229 2752 270 2811 D.
285 2751 326 2810 H.
341 2751 442 2828 Hoigh
466 2751 549 2810 misit
572 2752 673 2810 neseio
695 2771 715 2808 a
735 2770 795 2828 quo
819 2752 1001 2828 descriptum
1024 2752 1205 2827 adnototque
1226 2751 1339 2810 formas
1361 2752 1525 2844 litterarum
1549 2754 1623 2810 setis
1646 2722 1781 2809 vetustus
1803 2769 1883 2818 esse,
1907 2757 2062 2826 protomen
2085 2747 2230 2807 Romanis
2253 2747 2335 2805 simi-

229 2855 298 2913 lem.
343 2853 448 2928 Imago
470 2853 558 2912 rudis·
578 2853 659 2911 edite
681 2863 727 2912 est
748 2854 778 2911 in
802 2853 989 2931 ephemeride
1011 2853 1238 2918 architectorum
1262 2853 1457 2928 Anglioorum
1481 2855 1666 2912 tloBuilder
1685 2854 1774 2922 diota,
1795 2853 1823 2910 d.
1842 2854 1877 2910 ll
1903 2849 2034 2909 m.'Nov.
2058 2869 2084 2907 a.
2104 2848 2198 2920 18713
2221 2847 2335 2906 adseri·
2397 2923 2401 2932 ¹

228 2956 308 3014 bitur
329 2955 371 3012 ibi
394 2955 515 3014 saeculo
538 2973 626 3013 nono.

2073 3090 2173 3111 -““.

229 3180 294 3238 166
324 3181 359 3237 Iu
383 3181 537 3256 Bormum,
565 3180 654 3248 Kent,
683 3200 775 3257 prope
797 3181 963 3240 Moidstoue
990 3190 1020 3238 et
1040 3182 1205 3250 Roolieoter,
1233 3183 1399 3257 fragmenta
1426 3184 1594 3242 tabularum
1617 3157 1804 3260 lapidearum
1827 3193 1943 3258 roperta
1964 3169 2047 3248 sunt,
2075 3199 2152 3255 qupe
2174 3179 2335 3237 creduntur

272 3283 455 3357 pertinuisse
477 3275 521 3340 od'
538 3283 730 3360 ooperoulum
753 3284 940 3359 sarcophagi.
985 3282 1092 3340 Insunt
1115 3283 1246 3357 palmae,
1269 3302 1327 3339 nou
1350 3280 1480 3354 litterae,
1502 3286 1568 3343 rudi
1592 3305 1681 3360 opere
1705 3285 1870 3359 insculptae
1895 3285 1940 3341 vel
1963 3285 2062 3362 potius
2084 3275 2304 3357 scariphatae..

105 3447 108 3452 Ἴ
197 3451 202 3460 ’
229 3471 264 3530 B.
281 3473 375 3531 Poste
397 3473 431 3530 in'
451 3470 485 3530 C.
501 3473 539 3530 R.
556 3469 680 3532 Sinith’s
703 3473 886 3531 collectanea
907 3471 1030 3546 antiqua
1057 3474 1082 3542 l,
1105 3471 1184 3530 1848
1208 3492 1236 3548 p.
1257 3473 1314 3530 183
1328 3491 1369 3531 ss.
1393 3475 1453 3532 tab.
1471 3474 1509 3532 57
1533 3475 1620 3548 (inde
1644 3475 1682 3532 D.
1698 3474 1737 3531 H.
1755 3474 1855 3549 Haigh
1879 3475 1922 3531 llo
1941 3461 2126 3553 uiooosteuies
2149 3473 2183 3545 os
2199 3471 2231 3528 S.
2256 3469 2334 3528 Heio

230 3584 285 3631 oet.
310 3593 339 3650 p.
356 3574 395 3631 39
418 3575 514 3632 taut
537 3573 586 3650 fig.
605 3575 667 3632 3.4
691 3575 742 3649 qui
766 3583 851 3652 putat
872 3573 987 3631 litteras
1010 3591 1078 3632 esse
1093 3570 1249 3654 Celticus).
1287 3575 1357 3632 Vidi
1380 3574 1526 3650 quaedum
1550 3577 1754 3652 eiusgeneris
1778 3577 1917 3650 plumbea
1939 3577 1969 3632 iu
1993 3591 2097 3632 museo
2113 3573 2296 3630 Britannico.
2416 3565 2421 3574 ’

228 3798 294 3858 167
317 3800 354 3857 In
376 3800 448 3857 villa
470 3801 582 3874 rustica
602 3819 696 3876 prope
715 3799 894 3869 Cledwortli,
911 3797 1163 3870 Glouoestersiire,
1186 3799 1297 3876 prodiit
1318 3801 1395 3858 inter
1415 3802 1474 3860 alia
1489 3801 1566 3878 lapis
1582 3804 1748 3878 laevigatus
1762 3799 1793 3860 i'n
1808 3803 1901 3860 latere
1917 3801 2066 3870 inferiore,
2089 3799 2135 3857 oui
2150 3798 2332 3875 insculptum

271 3909 318 3958 est
344 3901 492 3960 incisione
518 3902 665 3978 profunda
691 3911 721 3958 et
747 3911 1140 3978 accurata-monogramma
1166 3902 1362 3960 christianum
1391 3903 1471 3972 eius,
1499 3921 1576 3978 quae
1603 3906 1657 3962 sub
1680 3903 1880 3962 Constantino
1901 3904 2038 3977 usurpari
2061 3901 2192 3972 solebat,
2219 3901 2335 3958 formae

271 4002 409 4078 idemque
431 4021 658 4078 monogramma
680 4003 709 4059 in
732 4003 828 4061 tribus
852 4003 920 4061 aliis
942 4003 1101 4079 lapidibus,
1125 4003 1176 4077 qui
1199 4021 1234 4060 ex
1259 4003 1459 4061 lmrdumentis
1483 4005 1573 4062 villae
1595 3999 1824 4076 extracti'sunt,
1847 4005 2048 4080 soeriplrotum
2071 4011 2163 4074 extat.

231 4190 254 4248 1.
272 4191 307 4250 B.
330 4191 367 4271 de
384 4191 473 4250 Rosai
496 4192 642 4249 hullettiuo
665 4193 696 4249 di
716 4191 900 4267 aroleoloqin
922 4191 1208 4296 oristiauaa.1872
1231 4211 1258 4266 p.
1279 4191 1336 4248 122
1359 4193 1441 4266 (indo
1464 4191 1668 4252 C.1.1..vl1
1691 4214 1719 4270 p.
1736 4195 1796 4251 314
1819 4194 1856 4250 ad
1878 4213 1908 4260 n.
1926 4191 2013 4267 720).

424 4327 1077 4337 ——--—————————.-
1798 4333 1840 4338 -,
1846 4333 1864 4338 ,.
1869 4331 1944 4338 ..-

211 4414 294 4475 ·168
320 4379 528 4493 Bislopstoue,
558 4415 679 4488 Souseo,
705 4419 737 4476 iu
759 4419 932 4494 horologio,
959 4417 1040 4494 qnod
1063 4418 1188 4476 infixum
1211 4427 1258 4476 est
1279 4416 1369 4508 1169
1392 4387 1594 4490 lloddeulouu
1613 4419 1869 4496 Canibridpesiire,
1886 4423 1930 4480 tle
1945 4422 2096 4480 tombstouo
2111 4422 2145 4494 os
2160 4420 2289 4496 Ouiuos(
2308 4421 2333 4493 )‚

272 4519 379 4593 parieti
403 4519 592 4578 meridionali
615 4519 765 4578 ecelesiae.
1324 4519 1518 4578 ‘Etlrelredos
1540 4521 1674 4592 steuord,
1697 4524 1759 4582 wito
1782 4525 1849 4581 died
1869 4525 1957 4582 about
1977 4543 2003 4581 a.
2022 4521 2091 4580 680.
2130 4521 2189 4583 Sed
2213 4522 2331 4581 videtur

1346 4623 1440 4679 multo
1462 4625 1611 4680 recentior
1633 4597 1708 4682 essi.
1753 4625 1894 4683 Mensura
1916 4645 1976 4683 non
1998 4625 2137 4683 indicate.

701 4920 719 4976 'r
736 4933 751 4974 a
767 4934 787 4974 or
804 4934 836 4996 r>¹

666 5036 684 5077 R
699 5036 706 5076 1
722 5034 741 5078 C

661 5253 682 5322 †
705 5249 820 5307 Eadrio

229 5575 270 5634 111.
292 5579 331 5635 Α.
354 5577 464 5636 Lower
493 5577 574 5636 (leit.
597 5597 672 5654 mop.
699 5579 751 5648 11,
778 5575 856 5646 1840
879 5595 908 5651 p.
925 5576 1001 5648 4963
1028 5577 1077 5635 W.
1102 5569 1252 5654 Figg'or·
1276 5626 1279 5645 ,

213 5678 424 5754 ‚ouaiozoyuat
434 5681 557 5752 joui-nat
575 5682 623 5752 ιι,
642 5681 720 5758 rsus
745 5699 773 5755 p.
791 5661 845 5749 oo;
868 5697 906 5735 ex
929 5679 977 5736 uss
1000 5678 1102 5736 asotia
1124 5681 1254 5755 imagine
1269 5650 1279 5725 'l

229 5779 311 5858 liguo
337 5781 433 5839 inuisa
455 5781 494 5838 D.
516 5781 553 5838 H.
575 5780 677 5857 Haigh
698 5779 921 5855 Archaeologia
942 5779 1072 5838 Aeliana
1093 5799 1152 5838 ser.
1175 5799 1255 5838 nova

233 5883 259 5952 l,
279 5881 357 5942 1856
381 5901 410 5957 p.
429 5882 496 5941 179.

270 5983 381 6041 Eadrio
403 5983 452 6040 hio
473 5989 528 6040 re'x
552 5981 678 6042 cantiae
700 5981 827 6059 putatur'
844 6001 913 6042 esse
935 5983 1018 6041 filius
1039 5983 1174 6051 Eobsrti,
1203 5983 1255 6057 qui
1276 6006 1278 6123 p
1302 5980 1447 6060 Stukeley
1465 5985 1648 6044 itinerarium
1666 5985 1815 6044 curiosum
1834 5986 1847 6041 l
1867 6003 1894 6059 p.
1911 5981 1948 6041 12
1965 5985 2024 6042 tab.
2041 5985 2074 6040 ll
2102 5981 2184 6056 (iride
2201 5979 2330 6058 Goughs

228 6084 366 6161 regnauit
388 6088 475 6142 annis
493 6084 552 6143 685
573 6095 603 6142 et
623 6083 693 6142 686.
738 6082 798 6142 Sed
820 6085 878 6142 fuit
899 6086 925 6142 is
946 6085 1035 6142 homo
1059 6083 1176 6153 unicus,
1203 6084 1253 6160 qui
1275 6134 1278 6147 ,
1302 6080 1435 6144 Oeniden
1459 6084 1476 6142 1
1500 6106 1528 6162 p.
1546 6086 1607 6145 234
1631 6087 1689 6176 tab.
1711 6087 1771 6162 13).

229 6203 335 6244 nomen
358 6185 434 6242 illud
456 6185 568 6261 gessit?
832 6207 836 6216 ·
1274 6198 1277 6252 1
1343 6184 1443 6256 Etiam
1461 6187 1555 6256 Onido
1571 6197 1622 6246 out
1639 6188 1741 6246 Omido
1763 6206 1870 6247 nornen
1893 6187 1970 6246 solvi
1985 6203 2076 6264 posse
2091 6184 2214 6245 adnotat
2227 6183 2326 6263 Rhys.

1343 5831 1364 5900 †
1387 5827 1494 5888 uocem
1517 5827 1623 5904 troo(m)
1648 5827 1773 5904 Oi(u)do
1796 5829 1835 5886 do
1857 5829 1926 5917 deus
1949 5838 1974 5884 et
1995 5825 2157 5902 requiem).
2202 5826 2292 5883 Amen
