5258 6872
1284 458 1389 532 XXII

145 689 280 736 urrann
449 667 504 736 14.
560 663 630 754 Qui
657 664 714 738 his
741 664 870 738 studiis
898 665 1024 737 favent
1051 689 1122 737 non
1151 666 1216 736 abs
1243 689 1283 735 re
1310 689 1388 736 esse
1416 661 1630 736 iudicabunt
1656 665 1756 760 quod
1783 664 1974 738 occasione
2001 667 2087 738 data
2116 667 2250 740 addere
2277 666 2377 740 volui

140 774 326 882 Tffiiliiilin
354 792 426 866 fine
452 792 560 866 huius
587 793 748 892 syllogae
776 793 1007 866 Britannicae
1035 792 1285 865 additamenta
1311 793 1492 890 quaedam
1519 792 1681 892 syllegae
1709 792 1928 866 christianae
1952 792 2171 893 Hispanioae
2198 805 2283 868 ante
2310 796 2378 868 hos

188 922 241 956 ¹³⁰¹
293 921 453 1019 quinque
481 947 596 994 annos
624 949 646 993 a
672 947 730 994 me
757 922 885 995 editae.
933 920 1035 1012 Quae
1064 921 1159 993 unde
1185 921 1418 1019 potissimum
1444 921 1679 1019 provenerint
1708 921 1911 1019 quibusque
1938 923 2141 996 debeantur
2160 923 2284 998 amicis
2304 923 2380 996 dixi

293 1049 388 1124 infra
415 1077 481 1122 suo
508 1050 607 1140 loco;
635 1050 696 1123 hic
722 1076 869 1124 monere
896 1051 997 1122 iuvat
1025 1075 1087 1122 eos
1116 1051 1178 1146 qui
1205 1049 1328 1146 legent
1355 1059 1395 1122 ut
1422 1049 1509 1146 quid
1537 1049 1782 1124 similitudinis
1809 1050 2013 1123 intercedat
2039 1051 2172 1148 quidve
2197 1051 2378 1125 dissimili-

293 1178 430 1252 tudinis
464 1178 560 1251 inter
591 1179 719 1251 titulos
750 1179 833 1252 illos
865 1177 1084 1251 christianos
1111 1177 1297 1275 Hispanos
1326 1175 1485 1250 Gallicos
1514 1176 1750 1251 Germanicos
1784 1189 1894 1273 atque
1921 1179 2152 1252 Britannicos
2185 1182 2380 1253 observent

293 1307 448 1404 indeque
482 1307 608 1396 etiam,
644 1333 725 1380 cum
753 1317 907 1405 propter
934 1318 1052 1379 certas
1079 1317 1286 1404 temporum
1315 1317 1420 1378 notas
1453 1305 1504 1378 illi
1530 1305 1666 1378 eisdem
1693 1307 1769 1380 sere
1796 1307 1949 1380 saeculis
1977 1307 2105 1404 quinto
2134 1311 2179 1382 ad
2208 1319 2379 1380 octavum

293 1435 477 1508 tribuendi
504 1435 588 1523 sint,
616 1435 841 1533 perspiciant
867 1433 930 1530 qui
947 1433 1243 1507 Britannicorum
1271 1444 1427 1506 aetat-em
1455 1435 1500 1506 ab
1520 1433 1668 1506 illorum
1687 1460 1760 1508 non
1782 1435 1929 1508 differre
1947 1436 2153 1524 statuerint,
2181 1461 2244 1510 eos
2264 1463 2379 1534 quan·

294 1591 402 1661 quam
432 1590 504 1636 non
535 1563 641 1637 certis
669 1563 894 1661 argumentis
922 1562 1031 1649 uisos,
1061 1575 1097 1635 at
1125 1587 1258 1660 magna
1278 1575 1400 1634 tamen
1421 1562 1680 1660 probabilitate
1699 1563 1752 1636 ita
1770 1563 1952 1636 statuisse.
1995 1561 2164 1636 Ceterum
2184 1565 2272 1637 dum
2291 1565 2380 1636 haec

293 1692 539 1791 inprimuntur
557 1693 807 1765 addendorurn
828 1693 874 1762 ad
894 1690 1154 1779 additamenta,
1176 1703 1216 1762 ut
1234 1692 1309 1763 fere
1329 1691 1461 1765 accidit
1479 1691 1515 1763 in
1536 1690 1592 1764 his
1610 1692 1718 1764 rebus
1738 1692 1952 1781 tractandis
1972 1717 2106 1764 novam
2126 1693 2215 1764 mihi
2228 1693 2380 1791 praebet

295 1821 611 1919 opportunitatem
639 1845 805 1893 museum
833 1817 1072 1918 Hispanicum
1100 1819 1427 1916 archaeologicurn,
1456 1820 1554 1917 quod
1582 1817 1701 1892 Rada
1728 1819 1890 1916 sociique
1917 1821 2024 1894 edere
2052 1833 2220 1918 pergunt.
2275 1819 2381 1894 Nova

293 1949 388 2021 enim
416 1950 451 2022 in
480 1949 556 2022 eius
584 1948 768 2021 volumine
787 1947 837 2019 lV
857 1949 990 2044 (1875)
1019 1974 1054 2045 p.
1078 1951 1146 2020 113
1162 1975 1208 2020 ss,
1237 1949 1282 2019 ab
1309 1947 1390 2046 ipso
1417 1945 1521 2020 Rada
1546 1947 1739 2046 proposita
1765 1960 1822 2020 est
1848 1947 1958 2020 editio
1986 1949 2205 2044 imaginibus
2232 1948 2379 2046 optimis

293 2088 424 2149 ornata
440 2077 602 2150 thesauri
617 2074 918 2149 Guarrazarensis
937 2076 1062 2172 (inser.
1077 2075 1181 2173 Hisp.
1198 2075 1323 2149 christ.
1344 2103 1377 2151 n.
1394 2076 1622 2170 tta-163),
1642 2103 1664 2147 a
1687 2076 1808 2148 nescio
1828 2079 1902 2172 quo
1923 2078 2082 2172 (textum
2102 2076 2198 2149 enim
2216 2079 2379 2150 nondum

293 2205 384 2300 vidi)
414 2205 500 2278 item
528 2230 624 2276 nova
651 2205 771 2302 imago
798 2203 895 2276 tituli
922 2203 1104 2302 trilinguis
1132 2203 1329 2277 Dertosani
1357 2203 1482 2299 (inser.
1511 2203 1617 2302 Hisp.
1646 2204 1770 2280 christ.
1802 2231 1837 2274 n.
1863 2205 1964 2300 186),
1992 2205 2148 2303 denique
2175 2232 2197 2277 a
2223 2204 2379 2303 losepho

293 2333 513 2406 Villa-Amil
531 2361 554 2432 y
574 2331 704 2406 Castro
733 2359 830 2404 nova
856 2344 893 2404 et
920 2331 1071 2438 diligens¹
1100 2333 1284 2405 enarratio
1312 2331 1441 2420 crucis,
1471 2357 1564 2428 quae
1592 2331 1627 2404 in
1656 2333 1829 2406 thesauro
1857 2331 1891 2404 S.
1912 2331 2036 2406 lacobi
2055 2331 2379 2432 (lornpostellensis

293 2473 348 2534 est
374 2461 498 2556 (inser.
528 2460 632 2560 Hisp.
662 2461 786 2534 christ.
821 2488 855 2532 n.
877 2462 984 2556 252),
1013 2471 1050 2534 et
1076 2461 1155 2559 ipsa
1181 2460 1339 2557 imagine
1367 2461 1529 2558 perbona
1557 2459 1762 2534 inlustrata.
1818 2460 1949 2558 ltaque
1975 2461 2011 2534 in
2039 2462 2202 2534 futurum
2231 2486 2378 2559 quoque

293 2602 449 2688 pergant
475 2590 543 2663 viri
571 2590 669 2662 docti
695 2589 849 2688 Hispani
876 2600 988 2686 atque
1010 2588 1304 2687 Portugallenses
1331 2599 1568 2661 monumenta
1596 2589 1672 2661 eius
1700 2589 1843 2686 generis
1870 2588 1990 2685 patria
2016 2589 2088 2661 iarn
2117 2600 2204 2661 nota
2230 2590 2378 2662 investi-

294 2743 379 2815 gare
407 2718 598 2816 diligenter
625 2743 793 2814 novaque
820 2717 855 2788 in
883 2717 1002 2790 lucem
1030 2717 1257 2816 protrahere.

448 2923 583 3022 Scripsi
609 2922 770 3022 Ber-oliui
798 2949 844 2994 m.
873 2919 1042 2994 Ianuario
1070 2948 1101 2993 a.
1122 2918 1455 2995 MDOOOLXXVI.
