<?xml version="1.0" encoding="UTF-8"?>
<!DOCTYPE html PUBLIC "-//W3C//DTD XHTML 1.0 Transitional//EN"
    "http://www.w3.org/TR/xhtml1/DTD/xhtml1-transitional.dtd">
<html xmlns="http://www.w3.org/1999/xhtml" xml:lang="en" lang="en">
 <head>
  <title>
</title>
<meta http-equiv="Content-Type" content="text/html;charset=utf-8" />
  <meta name='ocr-system' content='tesseract 3.04.00' />
  <meta name='ocr-capabilities' content='ocr_page ocr_carea ocr_par ocr_line ocrx_word'/>
</head>
<body>
  <div class='ocr_page' id='page_1' title='image "./inscriptionesbr00hbgoog_0025.png"; bbox 0 0 5258 6872; ppageno 0'>
   <div class='ocr_carea' id='block_1_1' title="bbox 1209 483 1313 560">
    <p class='ocr_par' dir='ltr' id='par_1_1' title="bbox 1209 483 1313 560">
     <span class='ocr_line' id='line_1_1' title="bbox 1209 483 1313 560; baseline -0.019 0"><span class='ocrx_word' id='word_1_1' title='bbox 1209 483 1313 560; x_wconf 86' lang='lat' dir='ltr'>XVII</span> 
     </span>
    </p>
   </div>
   <div class='ocr_carea' id='block_1_2' title="bbox 218 689 2464 2327">
    <p class='ocr_par' dir='ltr' id='par_1_2' title="bbox 220 689 2298 1140">
     <span class='ocr_line' id='line_1_2' title="bbox 220 689 2298 790; baseline -0.002 -22"><span class='ocrx_word' id='word_1_2' title='bbox 220 691 452 768; x_wconf 87' lang='lat' dir='ltr'>tannicorum</span> <span class='ocrx_word' id='word_1_3' title='bbox 486 689 693 790; x_wconf 83' lang='lat' dir='ltr'>proprietas</span> <span class='ocrx_word' id='word_1_4' title='bbox 729 690 766 764; x_wconf 94' lang='lat' dir='ltr'>in</span> <span class='ocrx_word' id='word_1_5' title='bbox 799 691 951 789; x_wconf 85' lang='lat' dir='ltr'>penuria</span> <span class='ocrx_word' id='word_1_6' title='bbox 988 689 1102 788; x_wconf 88' lang='lat' dir='ltr'>magis</span> <span class='ocrx_word' id='word_1_7' title='bbox 1135 689 1376 764; x_wconf 84' lang='lat' dir='ltr'>formularum</span> <span class='ocrx_word' id='word_1_8' title='bbox 1410 691 1580 764; x_wconf 82' lang='lat' dir='ltr'>similium</span> <span class='ocrx_word' id='word_1_9' title='bbox 1615 690 1699 764; x_wconf 90' lang='lat' dir='ltr'>alibi</span> <span class='ocrx_word' id='word_1_10' title='bbox 1735 690 1950 770; x_wconf 86' lang='lat' dir='ltr'>usitatarum</span> <span class='ocrx_word' id='word_1_11' title='bbox 1985 714 2094 786; x_wconf 84' lang='lat' dir='ltr'>quam</span> <span class='ocrx_word' id='word_1_12' title='bbox 2127 689 2162 762; x_wconf 90' lang='lat' dir='ltr'>in</span> <span class='ocrx_word' id='word_1_13' title='bbox 2198 702 2298 764; x_wconf 86' lang='lat' dir='ltr'>certo</span> 
     </span>
     <span class='ocr_line' id='line_1_3' title="bbox 221 798 2298 919; baseline -0.001 -25"><span class='ocrx_word' id='word_1_14' title='bbox 221 822 390 919; x_wconf 81' lang='lat' dir='ltr'>quodam,</span> <span class='ocrx_word' id='word_1_15' title='bbox 414 798 539 892; x_wconf 86' lang='lat' dir='ltr'>earum</span> <span class='ocrx_word' id='word_1_16' title='bbox 572 845 639 892; x_wconf 92' lang='lat' dir='ltr'>usu</span> <span class='ocrx_word' id='word_1_17' title='bbox 672 820 881 916; x_wconf 87' lang='lat' dir='ltr'>quaerenda</span> <span class='ocrx_word' id='word_1_18' title='bbox 914 820 1089 892; x_wconf 88' lang='lat' dir='ltr'>videatur.</span> <span class='ocrx_word' id='word_1_19' title='bbox 1143 818 1272 916; x_wconf 88' lang='lat' dir='ltr'>ltaque</span> <span class='ocrx_word' id='word_1_20' title='bbox 1308 819 1417 892; x_wconf 89' lang='lat' dir='ltr'>etiam</span> <span class='ocrx_word' id='word_1_21' title='bbox 1444 844 1485 892; x_wconf 89' lang='grc'>66</span> <span class='ocrx_word' id='word_1_22' title='bbox 1517 830 1635 892; x_wconf 88' lang='lat' dir='ltr'>aetate</span> <span class='ocrx_word' id='word_1_23' title='bbox 1667 831 1844 892; x_wconf 88' lang='lat' dir='ltr'>remotam</span> <span class='ocrx_word' id='word_1_24' title='bbox 1877 819 1953 893; x_wconf 85' lang='lat' dir='ltr'>fere</span> <span class='ocrx_word' id='word_1_25' title='bbox 1984 845 2006 890; x_wconf 90' lang='lat' dir='ltr'>a</span> <span class='ocrx_word' id='word_1_26' title='bbox 2037 818 2179 916; x_wconf 90' lang='lat' dir='ltr'>reliquo</span> <span class='ocrx_word' id='word_1_27' title='bbox 2210 820 2298 892; x_wconf 87' lang='lat' dir='ltr'>orbe</span> 
     </span>
     <span class='ocr_line' id='line_1_4' title="bbox 220 945 2107 1045; baseline -0.003 -22"><span class='ocrx_word' id='word_1_28' title='bbox 220 947 418 1024; x_wconf 89' lang='lat' dir='ltr'>christiano</span> <span class='ocrx_word' id='word_1_29' title='bbox 447 947 559 1044; x_wconf 80' lang='lat' dir='ltr'>vitam</span> <span class='ocrx_word' id='word_1_30' title='bbox 587 946 727 1045; x_wconf 80' lang='lat' dir='ltr'>degisse</span> <span class='ocrx_word' id='word_1_31' title='bbox 756 947 902 1021; x_wconf 90' lang='lat' dir='ltr'>ultimos</span> <span class='ocrx_word' id='word_1_32' title='bbox 930 947 1126 1021; x_wconf 81' lang='lat' dir='ltr'>Britannos</span> <span class='ocrx_word' id='word_1_33' title='bbox 1155 972 1271 1044; x_wconf 92' lang='lat' dir='ltr'>neque</span> <span class='ocrx_word' id='word_1_34' title='bbox 1299 948 1389 1020; x_wconf 87' lang='lat' dir='ltr'>mari</span> <span class='ocrx_word' id='word_1_35' title='bbox 1416 959 1558 1020; x_wconf 88' lang='lat' dir='ltr'>tantum</span> <span class='ocrx_word' id='word_1_36' title='bbox 1587 946 1739 1020; x_wconf 89' lang='lat' dir='ltr'>divisam</span> <span class='ocrx_word' id='word_1_37' title='bbox 1765 946 1848 1020; x_wconf 93' lang='lat' dir='ltr'>inde</span> <span class='ocrx_word' id='word_1_38' title='bbox 1875 945 2107 1021; x_wconf 87' lang='lat' dir='ltr'>concluseris.</span> 
     </span>
     <span class='ocr_line' id='line_1_5' title="bbox 1953 1095 1995 1140; baseline 0 -4"><span class='ocrx_word' id='word_1_39' title='bbox 1953 1095 1995 1140; x_wconf 61' lang='lat' dir='ltr'><em>D</em></span> 
     </span>
    </p>

    <p class='ocr_par' dir='ltr' id='par_1_3' title="bbox 219 1201 2434 1814">
     <span class='ocr_line' id='line_1_6' title="bbox 376 1201 2434 1301; baseline -0.003 -24"><span class='ocrx_word' id='word_1_40' title='bbox 376 1208 433 1277; x_wconf 90' lang='grc'>10.</span> <span class='ocrx_word' id='word_1_41' title='bbox 488 1201 643 1277; x_wconf 80' lang='lat' dir='ltr'><strong>Carmen</strong></span> <span class='ocrx_word' id='word_1_42' title='bbox 677 1203 878 1301; x_wconf 77' lang='lat' dir='ltr'>sepulcrale</span> <span class='ocrx_word' id='word_1_43' title='bbox 913 1229 1027 1276; x_wconf 94' lang='lat' dir='ltr'>unum</span> <span class='ocrx_word' id='word_1_44' title='bbox 1058 1214 1202 1276; x_wconf 88' lang='lat' dir='ltr'>tanturn</span> <span class='ocrx_word' id='word_1_45' title='bbox 1235 1213 1419 1276; x_wconf 88' lang='lat' dir='ltr'>servatum</span> <span class='ocrx_word' id='word_1_46' title='bbox 1446 1213 1501 1276; x_wconf 90' lang='lat' dir='ltr'>est</span> <span class='ocrx_word' id='word_1_47' title='bbox 1532 1204 1583 1301; x_wconf 85' lang='lat' dir='ltr'>(n.</span> <span class='ocrx_word' id='word_1_48' title='bbox 1604 1204 1686 1300; x_wconf 75' lang='lat'>82),</span> <span class='ocrx_word' id='word_1_49' title='bbox 1721 1228 1888 1277; x_wconf 84' lang='lat' dir='ltr'>sermone</span> <span class='ocrx_word' id='word_1_50' title='bbox 1916 1205 2126 1292; x_wconf 87' lang='lat' dir='ltr'>barbarum,</span> <span class='ocrx_word' id='word_1_51' title='bbox 2160 1203 2223 1276; x_wconf 90' lang='lat' dir='ltr'>sed</span> <span class='ocrx_word' id='word_1_52' title='bbox 2251 1203 2297 1274; x_wconf 89' lang='lat' dir='ltr'>ad</span> <span class='ocrx_word' id='word_1_53' title='bbox 2312 1222 2434 1274; x_wconf 71' lang='lat' dir='ltr'>cunum</span> 
     </span>
     <span class='ocr_line' id='line_1_7' title="bbox 221 1329 2297 1432; baseline -0.003 -24"><span class='ocrx_word' id='word_1_54' title='bbox 221 1331 428 1431; x_wconf 83' lang='lat' dir='ltr'>exemplum</span> <span class='ocrx_word' id='word_1_55' title='bbox 463 1331 551 1405; x_wconf 86' lang='lat' dir='ltr'>satis</span> <span class='ocrx_word' id='word_1_56' title='bbox 588 1333 723 1405; x_wconf 92' lang='lat' dir='ltr'>bonum</span> <span class='ocrx_word' id='word_1_57' title='bbox 763 1333 1004 1432; x_wconf 87' lang='lat' dir='ltr'>conpositum.</span> <span class='ocrx_word' id='word_1_58' title='bbox 1066 1330 1172 1421; x_wconf 84' lang='lat' dir='ltr'>Quod</span> <span class='ocrx_word' id='word_1_59' title='bbox 1213 1329 1322 1405; x_wconf 90' lang='lat' dir='ltr'>semel</span> <span class='ocrx_word' id='word_1_60' title='bbox 1363 1330 1564 1404; x_wconf 88' lang='lat' dir='ltr'>versiculus</span> <span class='ocrx_word' id='word_1_61' title='bbox 1603 1331 1733 1430; x_wconf 90' lang='lat' dir='ltr'>aliquis</span> <span class='ocrx_word' id='word_1_62' title='bbox 1772 1331 1945 1406; x_wconf 80' lang='lat' dir='ltr'>Martialis</span> <span class='ocrx_word' id='word_1_63' title='bbox 1985 1329 2191 1429; x_wconf 87' lang='lat' dir='ltr'>adscriptus</span> <span class='ocrx_word' id='word_1_64' title='bbox 2232 1342 2297 1418; x_wconf 90' lang='lat' dir='ltr'>est,</span> 
     </span>
     <span class='ocr_line' id='line_1_8' title="bbox 221 1457 2298 1556; baseline -0.002 -22"><span class='ocrx_word' id='word_1_65' title='bbox 221 1461 367 1534; x_wconf 89' lang='lat' dir='ltr'>maioris</span> <span class='ocrx_word' id='word_1_66' title='bbox 403 1459 580 1532; x_wconf 77' lang='lat' dir='ltr'>momenti</span> <span class='ocrx_word' id='word_1_67' title='bbox 614 1473 726 1548; x_wconf 90' lang='lat' dir='ltr'>esset,</span> <span class='ocrx_word' id='word_1_68' title='bbox 765 1461 795 1534; x_wconf 93' lang='lat' dir='ltr'>si</span> <span class='ocrx_word' id='word_1_69' title='bbox 827 1462 872 1534; x_wconf 92' lang='lat' dir='ltr'>de</span> <span class='ocrx_word' id='word_1_70' title='bbox 909 1460 1007 1534; x_wconf 88' lang='lat' dir='ltr'>tituli</span> <span class='ocrx_word' id='word_1_71' title='bbox 1043 1459 1119 1534; x_wconf 89' lang='lat' dir='ltr'>eius</span> <span class='ocrx_word' id='word_1_72' title='bbox 1155 1470 1274 1545; x_wconf 82' lang='lat' dir='ltr'>aetate</span> <span class='ocrx_word' id='word_1_73' title='bbox 1311 1472 1497 1532; x_wconf 86' lang='lat' dir='ltr'>constaret</span> <span class='ocrx_word' id='word_1_74' title='bbox 1532 1458 1583 1554; x_wconf 88' lang='lat' dir='ltr'>(n.</span> <span class='ocrx_word' id='word_1_75' title='bbox 1613 1462 1711 1556; x_wconf 88' lang='lat'>134).</span> <span class='ocrx_word' id='word_1_76' title='bbox 1764 1459 2000 1556; x_wconf 87' lang='lat' dir='ltr'>Reliquorum</span> <span class='ocrx_word' id='word_1_77' title='bbox 2036 1457 2192 1532; x_wconf 86' lang='lat' dir='ltr'>alterum</span> <span class='ocrx_word' id='word_1_78' title='bbox 2224 1485 2298 1532; x_wconf 93' lang='lat' dir='ltr'>non</span> 
     </span>
     <span class='ocr_line' id='line_1_9' title="bbox 221 1586 2299 1686; baseline -0.001 -23"><span class='ocrx_word' id='word_1_79' title='bbox 221 1589 458 1663; x_wconf 87' lang='lat' dir='ltr'>christianum</span> <span class='ocrx_word' id='word_1_80' title='bbox 495 1599 567 1678; x_wconf 89' lang='lat' dir='ltr'>est,</span> <span class='ocrx_word' id='word_1_81' title='bbox 603 1590 667 1660; x_wconf 91' lang='lat' dir='ltr'>sed</span> <span class='ocrx_word' id='word_1_82' title='bbox 701 1600 832 1686; x_wconf 89' lang='lat' dir='ltr'>poetae</span> <span class='ocrx_word' id='word_1_83' title='bbox 867 1588 1018 1662; x_wconf 90' lang='lat' dir='ltr'>alicuius</span> <span class='ocrx_word' id='word_1_84' title='bbox 1050 1588 1182 1686; x_wconf 86' lang='lat' dir='ltr'>pagani</span> <span class='ocrx_word' id='word_1_85' title='bbox 1213 1589 1258 1660; x_wconf 86' lang='lat' dir='ltr'>ab</span> <span class='ocrx_word' id='word_1_86' title='bbox 1295 1587 1441 1659; x_wconf 88' lang='lat' dir='ltr'>homine</span> <span class='ocrx_word' id='word_1_87' title='bbox 1478 1587 1675 1662; x_wconf 90' lang='lat' dir='ltr'>christiano</span> <span class='ocrx_word' id='word_1_88' title='bbox 1709 1587 1918 1686; x_wconf 90' lang='lat' dir='ltr'>pavimento</span> <span class='ocrx_word' id='word_1_89' title='bbox 1956 1589 2085 1660; x_wconf 91' lang='lat' dir='ltr'>domus</span> <span class='ocrx_word' id='word_1_90' title='bbox 2123 1586 2299 1660; x_wconf 88' lang='lat' dir='ltr'>insertum</span> 
     </span>
     <span class='ocr_line' id='line_1_10' title="bbox 219 1714 2168 1814; baseline -0.001 -24"><span class='ocrx_word' id='word_1_91' title='bbox 219 1718 272 1814; x_wconf 87' lang='lat' dir='ltr'>(n.</span> <span class='ocrx_word' id='word_1_92' title='bbox 294 1717 369 1812; x_wconf 84' lang='lat'>31),</span> <span class='ocrx_word' id='word_1_93' title='bbox 398 1715 552 1788; x_wconf 89' lang='lat' dir='ltr'>alterum</span> <span class='ocrx_word' id='word_1_94' title='bbox 579 1741 617 1789; x_wconf 93' lang='lat' dir='ltr'>re</span> <span class='ocrx_word' id='word_1_95' title='bbox 645 1727 682 1789; x_wconf 93' lang='lat' dir='ltr'>et</span> <span class='ocrx_word' id='word_1_96' title='bbox 707 1717 826 1790; x_wconf 90' lang='lat' dir='ltr'>forma</span> <span class='ocrx_word' id='word_1_97' title='bbox 851 1716 1152 1806; x_wconf 88' lang='lat' dir='ltr'>recentissimum,</span> <span class='ocrx_word' id='word_1_98' title='bbox 1179 1716 1202 1788; x_wconf 90' lang='lat' dir='ltr'>i.</span> <span class='ocrx_word' id='word_1_99' title='bbox 1223 1741 1253 1788; x_wconf 90' lang='grc'>6.</span> <span class='ocrx_word' id='word_1_100' title='bbox 1284 1715 1417 1790; x_wconf 84' lang='grc'><strong>6666611</strong></span> <span class='ocrx_word' id='word_1_101' title='bbox 1442 1715 1698 1789; x_wconf 82' lang='lat' dir='ltr'>fortasse-non</span> <span class='ocrx_word' id='word_1_102' title='bbox 1727 1715 1858 1806; x_wconf 90' lang='lat' dir='ltr'>octavi,</span> <span class='ocrx_word' id='word_1_103' title='bbox 1886 1717 1949 1790; x_wconf 89' lang='lat' dir='ltr'>sed</span> <span class='ocrx_word' id='word_1_104' title='bbox 1979 1714 2168 1790; x_wconf 83' lang='lat' dir='ltr'>undecimi.</span> 
     </span>
    </p>

    <p class='ocr_par' dir='ltr' id='par_1_4' title="bbox 696 1819 1569 1861">
     <span class='ocr_line' id='line_1_11' title="bbox 696 1819 1569 1861; baseline -0.001 1"><span class='ocrx_word' id='word_1_105' title='bbox 696 1819 705 1848; x_wconf 64' lang='lat'><em>&#39;</em></span> <span class='ocrx_word' id='word_1_106' title='bbox 1562 1844 1569 1861; x_wconf 75' lang='grc' dir='ltr'><strong><em>ο</em></strong></span> 
     </span>
    </p>

    <p class='ocr_par' dir='ltr' id='par_1_5' title="bbox 218 1970 2464 2327">
     <span class='ocr_line' id='line_1_12' title="bbox 375 1970 2464 2080; baseline 0 -36"><span class='ocrx_word' id='word_1_107' title='bbox 375 1977 431 2044; x_wconf 92' lang='grc'>11.</span> <span class='ocrx_word' id='word_1_108' title='bbox 487 1971 700 2046; x_wconf 90' lang='lat' dir='ltr'>Chrismatis</span> <span class='ocrx_word' id='word_1_109' title='bbox 735 1975 834 2070; x_wconf 93' lang='lat' dir='ltr'>quod</span> <span class='ocrx_word' id='word_1_110' title='bbox 862 1985 1014 2047; x_wconf 86' lang='lat' dir='ltr'>vocatur</span> <span class='ocrx_word' id='word_1_111' title='bbox 1046 1972 1190 2071; x_wconf 89' lang='lat' dir='ltr'>signum</span> <span class='ocrx_word' id='word_1_112' title='bbox 1223 2000 1296 2046; x_wconf 95' lang='lat' dir='ltr'>non</span> <span class='ocrx_word' id='word_1_113' title='bbox 1329 1974 1454 2046; x_wconf 89' lang='lat' dir='ltr'>eadem</span> <span class='ocrx_word' id='word_1_114' title='bbox 1483 1996 1626 2070; x_wconf 87' lang='lat' dir='ltr'>semper</span> <span class='ocrx_word' id='word_1_115' title='bbox 1652 1983 1689 2045; x_wconf 93' lang='lat' dir='ltr'>et</span> <span class='ocrx_word' id='word_1_116' title='bbox 1717 1971 1850 2070; x_wconf 90' lang='lat' dir='ltr'>ubique</span> <span class='ocrx_word' id='word_1_117' title='bbox 1876 1972 1993 2045; x_wconf 85' lang='lat' dir='ltr'>forma</span> <span class='ocrx_word' id='word_1_118' title='bbox 2019 1973 2064 2044; x_wconf 88' lang='lat' dir='ltr'>ab</span> <span class='ocrx_word' id='word_1_119' title='bbox 2091 1970 2464 2080; x_wconf 57' lang='grc' dir='ltr'>11611116111668161611Ι</span> 
     </span>
     <span class='ocr_line' id='line_1_13' title="bbox 218 2065 2437 2198; baseline -0.003 -22"><span class='ocrx_word' id='word_1_120' title='bbox 218 2099 423 2176; x_wconf 86' lang='lat' dir='ltr'>christianis</span> <span class='ocrx_word' id='word_1_121' title='bbox 451 2101 653 2174; x_wconf 87' lang='lat' dir='ltr'>adhibitum</span> <span class='ocrx_word' id='word_1_122' title='bbox 681 2127 760 2174; x_wconf 91' lang='lat' dir='ltr'>esse</span> <span class='ocrx_word' id='word_1_123' title='bbox 787 2112 942 2176; x_wconf 87' lang='lat' dir='ltr'>constat.</span> <span class='ocrx_word' id='word_1_124' title='bbox 990 2101 1103 2190; x_wconf 81' lang='lat' dir='ltr'>Quae,</span> <span class='ocrx_word' id='word_1_125' title='bbox 1134 2115 1174 2174; x_wconf 91' lang='lat' dir='ltr'>ut</span> <span class='ocrx_word' id='word_1_126' title='bbox 1199 2102 1311 2174; x_wconf 84' lang='lat' dir='ltr'>index</span> <span class='ocrx_word' id='word_1_127' title='bbox 1329 2099 1417 2174; x_wconf 91' lang='lat' dir='ltr'>Xlll</span> <span class='ocrx_word' id='word_1_128' title='bbox 1443 2103 1496 2198; x_wconf 86' lang='lat' dir='ltr'>(p.</span> <span class='ocrx_word' id='word_1_129' title='bbox 1518 2103 1582 2196; x_wconf 86' lang='grc'>99)</span> <span class='ocrx_word' id='word_1_130' title='bbox 1610 2102 1848 2192; x_wconf 84' lang='lat' dir='ltr'>demonstrat,</span> <span class='ocrx_word' id='word_1_131' title='bbox 1875 2101 1911 2173; x_wconf 94' lang='lat' dir='ltr'>in</span> <span class='ocrx_word' id='word_1_132' title='bbox 1930 2099 2157 2174; x_wconf 78' lang='lat' dir='ltr'>‘Britannicis</span> <span class='ocrx_word' id='word_1_133' title='bbox 2184 2097 2297 2172; x_wconf 89' lang='lat' dir='ltr'>titulis</span> <span class='ocrx_word' id='word_1_134' title='bbox 2312 2065 2437 2114; x_wconf 49' lang='lat' dir='ltr'>im*</span> 
     </span>
     <span class='ocr_line' id='line_1_14' title="bbox 218 2225 2297 2327; baseline -0.001 -26"><span class='ocrx_word' id='word_1_135' title='bbox 218 2239 347 2302; x_wconf 88' lang='lat' dir='ltr'>extant</span> <span class='ocrx_word' id='word_1_136' title='bbox 373 2227 450 2302; x_wconf 90' lang='lat' dir='ltr'>eius</span> <span class='ocrx_word' id='word_1_137' title='bbox 477 2229 615 2302; x_wconf 89' lang='lat' dir='ltr'>formae</span> <span class='ocrx_word' id='word_1_138' title='bbox 643 2225 814 2320; x_wconf 66' lang='lat' dir='ltr'>&gt;ket-1²⁴,</span> <span class='ocrx_word' id='word_1_139' title='bbox 843 2230 872 2306; x_wconf 84' lang='grc'>61</span> <span class='ocrx_word' id='word_1_140' title='bbox 901 2256 1007 2303; x_wconf 87' lang='grc'><strong>66616</strong></span> <span class='ocrx_word' id='word_1_141' title='bbox 1036 2231 1223 2327; x_wconf 83' lang='lat' dir='ltr'>exceperis</span> <span class='ocrx_word' id='word_1_142' title='bbox 1252 2229 1288 2302; x_wconf 93' lang='lat' dir='ltr'>in</span> <span class='ocrx_word' id='word_1_143' title='bbox 1316 2229 1424 2302; x_wconf 89' lang='lat' dir='ltr'>titulo</span> <span class='ocrx_word' id='word_1_144' title='bbox 1453 2255 1487 2300; x_wconf 90' lang='lat' dir='ltr'>n.</span> <span class='ocrx_word' id='word_1_145' title='bbox 1510 2230 1570 2316; x_wconf 87' lang='lat'>31,</span> <span class='ocrx_word' id='word_1_146' title='bbox 1598 2229 1661 2326; x_wconf 94' lang='lat' dir='ltr'>qui</span> <span class='ocrx_word' id='word_1_147' title='bbox 1679 2229 1944 2304; x_wconf 89' lang='lat' dir='ltr'>vetustissimus</span> <span class='ocrx_word' id='word_1_148' title='bbox 1962 2229 2117 2301; x_wconf 85' lang='lat' dir='ltr'>fortasse</span> <span class='ocrx_word' id='word_1_149' title='bbox 2136 2226 2297 2300; x_wconf 92' lang='lat' dir='ltr'>omnium</span> 
     </span>
    </p>
   </div>
   <div class='ocr_carea' id='block_1_3' title="bbox 111 2355 2298 2456">
    <p class='ocr_par' dir='ltr' id='par_1_6' title="bbox 111 2355 2298 2456">
     <span class='ocr_line' id='line_1_15' title="bbox 111 2355 2298 2456; baseline 0.002 -34"><span class='ocrx_word' id='word_1_150' title='bbox 111 2412 115 2422; x_wconf 94' lang='lat'>.</span> <span class='ocrx_word' id='word_1_151' title='bbox 219 2367 275 2429; x_wconf 89' lang='lat' dir='ltr'>est</span> <span class='ocrx_word' id='word_1_152' title='bbox 305 2355 514 2453; x_wconf 86' lang='lat' dir='ltr'>pavimento</span> <span class='ocrx_word' id='word_1_153' title='bbox 546 2357 731 2431; x_wconf 89' lang='lat' dir='ltr'>tessellato</span> <span class='ocrx_word' id='word_1_154' title='bbox 763 2358 977 2456; x_wconf 84' lang='lat' dir='ltr'>inscriptus,</span> <span class='ocrx_word' id='word_1_155' title='bbox 1013 2383 1164 2456; x_wconf 89' lang='lat' dir='ltr'>easque,</span> <span class='ocrx_word' id='word_1_156' title='bbox 1200 2382 1292 2454; x_wconf 90' lang='lat' dir='ltr'>quae</span> <span class='ocrx_word' id='word_1_157' title='bbox 1326 2357 1392 2430; x_wconf 93' lang='lat' dir='ltr'>sub</span> <span class='ocrx_word' id='word_1_158' title='bbox 1427 2357 1535 2430; x_wconf 89' lang='lat' dir='ltr'>titulo</span> <span class='ocrx_word' id='word_1_159' title='bbox 1567 2360 1642 2428; x_wconf 92' lang='grc'>6.1</span> <span class='ocrx_word' id='word_1_160' title='bbox 1673 2357 1868 2456; x_wconf 85' lang='lat' dir='ltr'>conposui,</span> <span class='ocrx_word' id='word_1_161' title='bbox 1900 2367 1964 2430; x_wconf 89' lang='lat' dir='ltr'>aut</span> <span class='ocrx_word' id='word_1_162' title='bbox 1990 2359 2036 2430; x_wconf 89' lang='lat' dir='ltr'>ad</span> <span class='ocrx_word' id='word_1_163' title='bbox 2064 2355 2298 2432; x_wconf 80' lang='lat' dir='ltr'>Caledoniam</span> 
     </span>
    </p>
   </div>
   <div class='ocr_carea' id='block_1_4' title="bbox 218 2482 2393 3712">
    <p class='ocr_par' dir='ltr' id='par_1_7' title="bbox 218 2482 2300 2840">
     <span class='ocr_line' id='line_1_16' title="bbox 218 2482 2298 2582; baseline -0 -25"><span class='ocrx_word' id='word_1_164' title='bbox 218 2483 402 2582; x_wconf 88' lang='lat' dir='ltr'>pertinent</span> <span class='ocrx_word' id='word_1_165' title='bbox 436 2482 808 2581; x_wconf 90' lang='lat' dir='ltr'>Northumbriamque</span> <span class='ocrx_word' id='word_1_166' title='bbox 846 2496 921 2558; x_wconf 89' lang='lat' dir='ltr'>aut·</span> <span class='ocrx_word' id='word_1_167' title='bbox 951 2486 997 2558; x_wconf 88' lang='lat' dir='ltr'>ad</span> <span class='ocrx_word' id='word_1_168' title='bbox 1035 2485 1319 2558; x_wconf 86' lang='lat' dir='ltr'>instrumentum</span> <span class='ocrx_word' id='word_1_169' title='bbox 1362 2485 1624 2572; x_wconf 89' lang='lat' dir='ltr'>domesticum,</span> <span class='ocrx_word' id='word_1_170' title='bbox 1669 2487 1767 2581; x_wconf 92' lang='lat' dir='ltr'>quod</span> <span class='ocrx_word' id='word_1_171' title='bbox 1803 2511 1874 2558; x_wconf 90' lang='lat' dir='ltr'>non</span> <span class='ocrx_word' id='word_1_172' title='bbox 1911 2485 2113 2559; x_wconf 85' lang='lat' dir='ltr'>necessario</span> <span class='ocrx_word' id='word_1_173' title='bbox 2150 2482 2298 2582; x_wconf 87' lang='lat' dir='ltr'>originis</span> 
     </span>
     <span class='ocr_line' id='line_1_17' title="bbox 219 2610 2299 2718; baseline 0 -35"><span class='ocrx_word' id='word_1_174' title='bbox 219 2610 449 2686; x_wconf 87' lang='lat' dir='ltr'>Britannicae</span> <span class='ocrx_word' id='word_1_175' title='bbox 481 2637 559 2686; x_wconf 90' lang='lat' dir='ltr'>esse</span> <span class='ocrx_word' id='word_1_176' title='bbox 592 2616 797 2710; x_wconf 80' lang='lat' dir='ltr'>pttandum</span> <span class='ocrx_word' id='word_1_177' title='bbox 832 2624 898 2686; x_wconf 89' lang='lat' dir='ltr'>est.</span> <span class='ocrx_word' id='word_1_178' title='bbox 952 2613 992 2686; x_wconf 94' lang='lat' dir='ltr'>ln</span> <span class='ocrx_word' id='word_1_179' title='bbox 1022 2612 1222 2688; x_wconf 89' lang='lat' dir='ltr'>Cambricis</span> <span class='ocrx_word' id='word_1_180' title='bbox 1248 2613 1561 2708; x_wconf 89' lang='lat' dir='ltr'>Dumnonioisque</span> <span class='ocrx_word' id='word_1_181' title='bbox 1592 2639 1686 2711; x_wconf 90' lang='lat' dir='ltr'>qnae</span> <span class='ocrx_word' id='word_1_182' title='bbox 1712 2613 1947 2688; x_wconf 89' lang='lat' dir='ltr'>inveniuntur</span> <span class='ocrx_word' id='word_1_183' title='bbox 1973 2639 2097 2718; x_wconf 79' lang='lat' dir='ltr'>cruces</span> <span class='ocrx_word' id='word_1_184' title='bbox 2124 2625 2189 2688; x_wconf 90' lang='lat' dir='ltr'>aut</span> <span class='ocrx_word' id='word_1_185' title='bbox 2215 2611 2299 2685; x_wconf 90' lang='lat' dir='ltr'>sim-</span> 
     </span>
     <span class='ocr_line' id='line_1_18' title="bbox 219 2732 2300 2840; baseline 0 -28"><span class='ocrx_word' id='word_1_186' title='bbox 219 2740 330 2838; x_wconf 90' lang='lat' dir='ltr'>plices</span> <span class='ocrx_word' id='word_1_187' title='bbox 364 2751 428 2812; x_wconf 85' lang='lat' dir='ltr'>aut</span> <span class='ocrx_word' id='word_1_188' title='bbox 460 2740 594 2815; x_wconf 88' lang='lat' dir='ltr'>circulo</span> <span class='ocrx_word' id='word_1_189' title='bbox 627 2732 755 2814; x_wconf 88' lang='lat' dir='ltr'>rotave</span> <span class='ocrx_word' id='word_1_190' title='bbox 787 2742 947 2816; x_wconf 87' lang='lat' dir='ltr'>inclusae</span> <span class='ocrx_word' id='word_1_191' title='bbox 982 2740 1105 2839; x_wconf 77' lang='lat' dir='ltr'>(tabeel</span> <span class='ocrx_word' id='word_1_192' title='bbox 1129 2768 1262 2816; x_wconf 82' lang='lat' dir='ltr'>crosses</span> <span class='ocrx_word' id='word_1_193' title='bbox 1294 2741 1351 2816; x_wconf 91' lang='lat' dir='ltr'>vel</span> <span class='ocrx_word' id='word_1_194' title='bbox 1379 2741 1501 2814; x_wconf 81' lang='lat' dir='ltr'>bulcem</span> <span class='ocrx_word' id='word_1_195' title='bbox 1529 2766 1664 2815; x_wconf 82' lang='lat' dir='ltr'>crosses</span> <span class='ocrx_word' id='word_1_196' title='bbox 1695 2742 1741 2814; x_wconf 88' lang='lat' dir='ltr'>ab</span> <span class='ocrx_word' id='word_1_197' title='bbox 1768 2742 1896 2840; x_wconf 78' lang='lat' dir='ltr'>Anglis</span> <span class='ocrx_word' id='word_1_198' title='bbox 1929 2744 2062 2840; x_wconf 87' lang='lat' dir='ltr'>dictae)</span> <span class='ocrx_word' id='word_1_199' title='bbox 2095 2753 2159 2816; x_wconf 89' lang='lat' dir='ltr'>ant</span> <span class='ocrx_word' id='word_1_200' title='bbox 2189 2767 2300 2840; x_wconf 88' lang='lat' dir='ltr'>supra</span> 
     </span>
    </p>

    <p class='ocr_par' dir='ltr' id='par_1_8' title="bbox 218 2868 2393 3712">
     <span class='ocr_line' id='line_1_19' title="bbox 218 2868 2299 2970; baseline -0 -29"><span class='ocrx_word' id='word_1_201' title='bbox 218 2869 255 2942; x_wconf 89' lang='lat' dir='ltr'>in</span> <span class='ocrx_word' id='word_1_202' title='bbox 289 2869 434 2967; x_wconf 86' lang='lat' dir='ltr'>fastigio</span> <span class='ocrx_word' id='word_1_203' title='bbox 467 2869 598 2968; x_wconf 91' lang='lat' dir='ltr'>lapidis</span> <span class='ocrx_word' id='word_1_204' title='bbox 632 2869 707 2943; x_wconf 90' lang='lat' dir='ltr'>sive</span> <span class='ocrx_word' id='word_1_205' title='bbox 740 2869 775 2942; x_wconf 92' lang='lat' dir='ltr'>in</span> <span class='ocrx_word' id='word_1_206' title='bbox 809 2870 983 2944; x_wconf 89' lang='lat' dir='ltr'>lateribus</span> <span class='ocrx_word' id='word_1_207' title='bbox 1016 2871 1092 2944; x_wconf 92' lang='lat' dir='ltr'>eius</span> <span class='ocrx_word' id='word_1_208' title='bbox 1126 2871 1319 2970; x_wconf 83' lang='lat' dir='ltr'>exculptae</span> <span class='ocrx_word' id='word_1_209' title='bbox 1354 2879 1419 2942; x_wconf 88' lang='lat' dir='ltr'>aut</span> <span class='ocrx_word' id='word_1_210' title='bbox 1451 2869 1652 2968; x_wconf 84' lang='lat' dir='ltr'>scripturae</span> <span class='ocrx_word' id='word_1_211' title='bbox 1680 2872 1905 2969; x_wconf 90' lang='lat' dir='ltr'>antepositae</span> <span class='ocrx_word' id='word_1_212' title='bbox 1933 2873 2019 2946; x_wconf 90' lang='lat' dir='ltr'>satis</span> <span class='ocrx_word' id='word_1_213' title='bbox 2046 2869 2201 2944; x_wconf 88' lang='lat' dir='ltr'>recentis</span> <span class='ocrx_word' id='word_1_214' title='bbox 2228 2868 2299 2942; x_wconf 88' lang='lat' dir='ltr'>ori-</span> 
     </span>
     <span class='ocr_line' id='line_1_20' title="bbox 220 2997 2299 3096; baseline -0 -27"><span class='ocrx_word' id='word_1_215' title='bbox 220 2997 314 3095; x_wconf 86' lang='lat' dir='ltr'>ginis</span> <span class='ocrx_word' id='word_1_216' title='bbox 347 3008 449 3086; x_wconf 85' lang='lat' dir='ltr'>sunt3</span> <span class='ocrx_word' id='word_1_217' title='bbox 484 2998 690 3096; x_wconf 86' lang='lat' dir='ltr'>exemplum</span> <span class='ocrx_word' id='word_1_218' title='bbox 724 2997 800 3072; x_wconf 91' lang='lat' dir='ltr'>eius</span> <span class='ocrx_word' id='word_1_219' title='bbox 833 2999 989 3073; x_wconf 85' lang='lat' dir='ltr'>fortasse</span> <span class='ocrx_word' id='word_1_220' title='bbox 1017 3000 1305 3074; x_wconf 87' lang='lat' dir='ltr'>vetustissimum</span> <span class='ocrx_word' id='word_1_221' title='bbox 1337 3011 1394 3072; x_wconf 92' lang='lat' dir='ltr'>est</span> <span class='ocrx_word' id='word_1_222' title='bbox 1424 2998 1521 3071; x_wconf 92' lang='lat' dir='ltr'>tituli</span> <span class='ocrx_word' id='word_1_223' title='bbox 1552 3025 1585 3070; x_wconf 91' lang='lat' dir='ltr'>n.</span> <span class='ocrx_word' id='word_1_224' title='bbox 1607 3001 1641 3071; x_wconf 87' lang='lat'>9.</span> <span class='ocrx_word' id='word_1_225' title='bbox 1695 2997 1813 3072; x_wconf 89' lang='lat' dir='ltr'>Maior</span> <span class='ocrx_word' id='word_1_226' title='bbox 1845 3011 1966 3073; x_wconf 89' lang='lat' dir='ltr'>autem</span> <span class='ocrx_word' id='word_1_227' title='bbox 2001 3025 2125 3072; x_wconf 88' lang='lat' dir='ltr'>earum</span> <span class='ocrx_word' id='word_1_228' title='bbox 2151 3025 2236 3096; x_wconf 88' lang='lat' dir='ltr'>pars</span> <span class='ocrx_word' id='word_1_229' title='bbox 2262 2997 2299 3069; x_wconf 92' lang='lat' dir='ltr'>in</span> 
     </span>
     <span class='ocr_line' id='line_1_21' title="bbox 219 3124 2299 3226; baseline 0 -29"><span class='ocrx_word' id='word_1_230' title='bbox 219 3125 334 3199; x_wconf 90' lang='lat' dir='ltr'>titulis</span> <span class='ocrx_word' id='word_1_231' title='bbox 367 3124 499 3223; x_wconf 85' lang='lat' dir='ltr'>legitur</span> <span class='ocrx_word' id='word_1_232' title='bbox 527 3126 737 3200; x_wconf 90' lang='lat' dir='ltr'>minusculis</span> <span class='ocrx_word' id='word_1_233' title='bbox 764 3125 895 3200; x_wconf 90' lang='lat' dir='ltr'>litteris</span> <span class='ocrx_word' id='word_1_234' title='bbox 922 3127 1083 3225; x_wconf 82' lang='lat' dir='ltr'>scriptis3</span> <span class='ocrx_word' id='word_1_235' title='bbox 1117 3127 1204 3201; x_wconf 89' lang='lat' dir='ltr'>alias</span> <span class='ocrx_word' id='word_1_236' title='bbox 1232 3129 1266 3200; x_wconf 93' lang='lat' dir='ltr'>in</span> <span class='ocrx_word' id='word_1_237' title='bbox 1296 3126 1412 3202; x_wconf 91' lang='lat' dir='ltr'>titulis</span> <span class='ocrx_word' id='word_1_238' title='bbox 1439 3126 1704 3225; x_wconf 89' lang='lat' dir='ltr'>antiquioribus</span> <span class='ocrx_word' id='word_1_239' title='bbox 1731 3127 1934 3226; x_wconf 87' lang='lat' dir='ltr'>posteriore</span> <span class='ocrx_word' id='word_1_240' title='bbox 1961 3130 2107 3201; x_wconf 91' lang='lat' dir='ltr'>demum</span> <span class='ocrx_word' id='word_1_241' title='bbox 2134 3139 2299 3224; x_wconf 90' lang='lat' dir='ltr'>tempore</span> 
     </span>
     <span class='ocr_line' id='line_1_22' title="bbox 220 3241 2301 3354; baseline -0 -28"><span class='ocrx_word' id='word_1_242' title='bbox 220 3253 364 3328; x_wconf 87' lang='lat' dir='ltr'>additas</span> <span class='ocrx_word' id='word_1_243' title='bbox 392 3241 469 3327; x_wconf 79' lang='lat' dir='ltr'>es⁴se</span> <span class='ocrx_word' id='word_1_244' title='bbox 497 3253 631 3326; x_wconf 86' lang='lat' dir='ltr'>diserte</span> <span class='ocrx_word' id='word_1_245' title='bbox 657 3254 815 3328; x_wconf 88' lang='lat' dir='ltr'>traditur</span> <span class='ocrx_word' id='word_1_246' title='bbox 841 3255 900 3351; x_wconf 86' lang='lat' dir='ltr'>(ut</span> <span class='ocrx_word' id='word_1_247' title='bbox 925 3255 962 3328; x_wconf 92' lang='lat' dir='ltr'>in</span> <span class='ocrx_word' id='word_1_248' title='bbox 989 3258 1093 3328; x_wconf 88' lang='lat' dir='ltr'>n.48</span> <span class='ocrx_word' id='word_1_249' title='bbox 1118 3259 1256 3329; x_wconf 85' lang='grc'><strong>89107</strong></span> <span class='ocrx_word' id='word_1_250' title='bbox 1283 3258 1381 3336; x_wconf 83' lang='grc'><strong>109).</strong></span> <span class='ocrx_word' id='word_1_251' title='bbox 1435 3254 1554 3328; x_wconf 88' lang='lat' dir='ltr'>Semel</span> <span class='ocrx_word' id='word_1_252' title='bbox 1581 3280 1672 3328; x_wconf 88' lang='lat' dir='ltr'>crux</span> <span class='ocrx_word' id='word_1_253' title='bbox 1699 3255 1846 3354; x_wconf 93' lang='lat' dir='ltr'>oblique</span> <span class='ocrx_word' id='word_1_254' title='bbox 1871 3255 2008 3346; x_wconf 88' lang='lat' dir='ltr'>iacens,</span> <span class='ocrx_word' id='word_1_255' title='bbox 2042 3255 2182 3329; x_wconf 88' lang='lat' dir='ltr'>simodo</span> <span class='ocrx_word' id='word_1_256' title='bbox 2210 3279 2301 3328; x_wconf 86' lang='lat' dir='ltr'>crux</span> 
     </span>
     <span class='ocr_line' id='line_1_23' title="bbox 220 3366 2393 3482; baseline 0.001 -28"><span class='ocrx_word' id='word_1_257' title='bbox 220 3391 286 3470; x_wconf 87' lang='lat' dir='ltr'>est,</span> <span class='ocrx_word' id='word_1_258' title='bbox 316 3381 617 3480; x_wconf 86' lang='lat' dir='ltr'>deprehenditur3</span> <span class='ocrx_word' id='word_1_259' title='bbox 647 3383 710 3457; x_wconf 90' lang='lat' dir='ltr'>sed</span> <span class='ocrx_word' id='word_1_260' title='bbox 738 3366 781 3455; x_wconf 85' lang='lat' dir='ltr'>ea</span> <span class='ocrx_word' id='word_1_261' title='bbox 808 3408 955 3481; x_wconf 90' lang='lat' dir='ltr'>quoque</span> <span class='ocrx_word' id='word_1_262' title='bbox 983 3384 1164 3458; x_wconf 93' lang='lat' dir='ltr'>recentior</span> <span class='ocrx_word' id='word_1_263' title='bbox 1190 3383 1336 3457; x_wconf 91' lang='lat' dir='ltr'>videtur</span> <span class='ocrx_word' id='word_1_264' title='bbox 1363 3409 1443 3458; x_wconf 90' lang='lat' dir='ltr'>esse</span> <span class='ocrx_word' id='word_1_265' title='bbox 1472 3409 1581 3481; x_wconf 87' lang='lat' dir='ltr'>quam</span> <span class='ocrx_word' id='word_1_266' title='bbox 1608 3382 1736 3456; x_wconf 92' lang='lat' dir='ltr'>titulus</span> <span class='ocrx_word' id='word_1_267' title='bbox 1762 3384 1852 3482; x_wconf 90' lang='lat' dir='ltr'>ipse.</span> <span class='ocrx_word' id='word_1_268' title='bbox 1897 3383 1999 3458; x_wconf 90' lang='lat' dir='ltr'>ldem</span> <span class='ocrx_word' id='word_1_269' title='bbox 2026 3385 2218 3458; x_wconf 91' lang='lat' dir='ltr'>dicendum</span> <span class='ocrx_word' id='word_1_270' title='bbox 2245 3394 2301 3457; x_wconf 90' lang='lat' dir='ltr'>est</span> <span class='ocrx_word' id='word_1_271' title='bbox 2388 3420 2393 3429; x_wconf 91' lang='lat'>·</span> 
     </span>
     <span class='ocr_line' id='line_1_24' title="bbox 220 3509 2301 3612; baseline 0 -30"><span class='ocrx_word' id='word_1_272' title='bbox 220 3511 265 3582; x_wconf 91' lang='lat' dir='ltr'>de</span> <span class='ocrx_word' id='word_1_273' title='bbox 295 3509 428 3582; x_wconf 89' lang='lat' dir='ltr'>litteris</span> <span class='ocrx_word' id='word_1_274' title='bbox 465 3513 494 3581; x_wconf 90' lang='grc' dir='ltr'>Α</span> <span class='ocrx_word' id='word_1_275' title='bbox 527 3522 564 3583; x_wconf 94' lang='lat' dir='ltr'>et</span> <span class='ocrx_word' id='word_1_276' title='bbox 595 3511 647 3600; x_wconf 71' lang='lat'>523</span> <span class='ocrx_word' id='word_1_277' title='bbox 683 3537 767 3584; x_wconf 85' lang='lat' dir='ltr'>rara</span> <span class='ocrx_word' id='word_1_278' title='bbox 801 3511 898 3584; x_wconf 89' lang='lat' dir='ltr'>enim</span> <span class='ocrx_word' id='word_1_279' title='bbox 932 3536 1058 3593; x_wconf 90' lang='lat' dir='ltr'>earum</span> <span class='ocrx_word' id='word_1_280' title='bbox 1091 3513 1260 3611; x_wconf 83' lang='lat' dir='ltr'>exempla</span> <span class='ocrx_word' id='word_1_281' title='bbox 1294 3524 1358 3586; x_wconf 89' lang='lat' dir='ltr'>aut</span> <span class='ocrx_word' id='word_1_282' title='bbox 1389 3512 1549 3585; x_wconf 87' lang='lat' dir='ltr'>recentia</span> <span class='ocrx_word' id='word_1_283' title='bbox 1585 3523 1671 3586; x_wconf 90' lang='lat' dir='ltr'>sunt</span> <span class='ocrx_word' id='word_1_284' title='bbox 1705 3523 1769 3584; x_wconf 91' lang='lat' dir='ltr'>aut</span> <span class='ocrx_word' id='word_1_285' title='bbox 1802 3510 2019 3586; x_wconf 90' lang='lat' dir='ltr'>Caledoniae</span> <span class='ocrx_word' id='word_1_286' title='bbox 2054 3512 2203 3612; x_wconf 78' lang='lat' dir='ltr'>propria</span> <span class='ocrx_word' id='word_1_287' title='bbox 2238 3520 2301 3585; x_wconf 87' lang='lat' dir='ltr'>ant</span> 
     </span>
     <span class='ocr_line' id='line_1_25' title="bbox 221 3637 682 3712; baseline 0.004 -2"><span class='ocrx_word' id='word_1_288' title='bbox 221 3637 455 3712; x_wconf 88' lang='lat' dir='ltr'>instrumenti</span> <span class='ocrx_word' id='word_1_289' title='bbox 482 3639 682 3712; x_wconf 90' lang='lat' dir='ltr'>domestici.</span> 
     </span>
    </p>
   </div>
   <div class='ocr_carea' id='block_1_5' title="bbox 223 3763 2299 3994">
    <p class='ocr_par' dir='ltr' id='par_1_9' title="bbox 223 3763 2299 3994">
     <span class='ocr_line' id='line_1_26' title="bbox 374 3763 2299 3869; baseline 0.003 -33"><span class='ocrx_word' id='word_1_290' title='bbox 374 3763 528 3862; x_wconf 87' lang='lat' dir='ltr'>Reliqua</span> <span class='ocrx_word' id='word_1_291' title='bbox 554 3767 719 3864; x_wconf 90' lang='lat' dir='ltr'>symbola</span> <span class='ocrx_word' id='word_1_292' title='bbox 745 3767 782 3840; x_wconf 93' lang='lat' dir='ltr'>in</span> <span class='ocrx_word' id='word_1_293' title='bbox 810 3767 963 3841; x_wconf 88' lang='lat' dir='ltr'>aliarum</span> <span class='ocrx_word' id='word_1_294' title='bbox 989 3768 1178 3866; x_wconf 87' lang='lat' dir='ltr'>regionum</span> <span class='ocrx_word' id='word_1_295' title='bbox 1206 3768 1320 3842; x_wconf 89' lang='lat' dir='ltr'>titulis</span> <span class='ocrx_word' id='word_1_296' title='bbox 1348 3768 1554 3843; x_wconf 87' lang='lat' dir='ltr'>christianis</span> <span class='ocrx_word' id='word_1_297' title='bbox 1582 3769 1705 3857; x_wconf 89' lang='lat' dir='ltr'>obvia,</span> <span class='ocrx_word' id='word_1_298' title='bbox 1733 3770 1875 3868; x_wconf 88' lang='lat' dir='ltr'>palmae</span> <span class='ocrx_word' id='word_1_299' title='bbox 1901 3795 1986 3844; x_wconf 89' lang='lat' dir='ltr'>aves</span> <span class='ocrx_word' id='word_1_300' title='bbox 2014 3770 2132 3869; x_wconf 89' lang='lat' dir='ltr'>pisces</span> <span class='ocrx_word' id='word_1_301' title='bbox 2159 3769 2299 3858; x_wconf 88' lang='lat' dir='ltr'>similia,</span> 
     </span>
     <span class='ocr_line' id='line_1_27' title="bbox 223 3873 1036 3994; baseline 0.002 -28"><span class='ocrx_word' id='word_1_302' title='bbox 223 3894 260 3966; x_wconf 76' lang='lat' dir='ltr'>n</span> <span class='ocrx_word' id='word_1_303' title='bbox 288 3893 402 3966; x_wconf 73' lang='lat' dir='ltr'>utun</span> <span class='ocrx_word' id='word_1_304' title='bbox 429 3873 648 3969; x_wconf 69' lang='lat' dir='ltr'>Britannus</span> <span class='ocrx_word' id='word_1_305' title='bbox 674 3921 824 3994; x_wconf 71' lang='lat' dir='ltr'>prorsus</span> <span class='ocrx_word' id='word_1_306' title='bbox 852 3897 1036 3971; x_wconf 68' lang='lat' dir='ltr'>reficiunt.</span> 
     </span>
    </p>
   </div>
   <div class='ocr_carea' id='block_1_6' title="bbox 222 4021 2300 4378">
    <p class='ocr_par' dir='ltr' id='par_1_10' title="bbox 222 4021 2300 4378">
     <span class='ocr_line' id='line_1_28' title="bbox 374 4021 2300 4124; baseline 0.001 -28"><span class='ocrx_word' id='word_1_307' title='bbox 374 4021 503 4119; x_wconf 89' lang='lat' dir='ltr'>Itaque</span> <span class='ocrx_word' id='word_1_308' title='bbox 534 4021 622 4096; x_wconf 90' lang='lat' dir='ltr'>illud</span> <span class='ocrx_word' id='word_1_309' title='bbox 650 4035 793 4097; x_wconf 86' lang='lat' dir='ltr'>tantum</span> <span class='ocrx_word' id='word_1_310' title='bbox 821 4051 867 4098; x_wconf 86' lang='lat' dir='ltr'>ex</span> <span class='ocrx_word' id='word_1_311' title='bbox 894 4025 1081 4122; x_wconf 85' lang='lat' dir='ltr'>signorum</span> <span class='ocrx_word' id='word_1_312' title='bbox 1108 4024 1255 4099; x_wconf 90' lang='lat' dir='ltr'>illorum</span> <span class='ocrx_word' id='word_1_313' title='bbox 1283 4027 1537 4100; x_wconf 89' lang='lat' dir='ltr'>observatione</span> <span class='ocrx_word' id='word_1_314' title='bbox 1564 4025 1799 4124; x_wconf 88' lang='lat' dir='ltr'>perspicuum</span> <span class='ocrx_word' id='word_1_315' title='bbox 1826 4038 1896 4116; x_wconf 91' lang='lat' dir='ltr'>est,</span> <span class='ocrx_word' id='word_1_316' title='bbox 1928 4025 2053 4098; x_wconf 90' lang='lat' dir='ltr'>abesse</span> <span class='ocrx_word' id='word_1_317' title='bbox 2081 4050 2124 4099; x_wconf 90' lang='lat' dir='ltr'>ea</span> <span class='ocrx_word' id='word_1_318' title='bbox 2151 4053 2172 4098; x_wconf 91' lang='lat' dir='ltr'>a</span> <span class='ocrx_word' id='word_1_319' title='bbox 2199 4038 2300 4098; x_wconf 89' lang='lat' dir='ltr'>vetu-</span> 
     </span>
     <span class='ocr_line' id='line_1_29' title="bbox 223 4149 2299 4242; baseline 0.002 -20"><span class='ocrx_word' id='word_1_320' title='bbox 223 4149 396 4224; x_wconf 89' lang='lat' dir='ltr'>stioribus</span> <span class='ocrx_word' id='word_1_321' title='bbox 428 4149 543 4224; x_wconf 89' lang='lat' dir='ltr'>titulis</span> <span class='ocrx_word' id='word_1_322' title='bbox 568 4151 776 4225; x_wconf 87' lang='lat' dir='ltr'>Britanniae</span> <span class='ocrx_word' id='word_1_323' title='bbox 804 4153 1020 4228; x_wconf 90' lang='lat' dir='ltr'>christianis.</span> <span class='ocrx_word' id='word_1_324' title='bbox 1066 4153 1171 4226; x_wconf 93' lang='lat' dir='ltr'>Unde</span> <span class='ocrx_word' id='word_1_325' title='bbox 1199 4153 1229 4226; x_wconf 92' lang='lat' dir='ltr'>si</span> <span class='ocrx_word' id='word_1_326' title='bbox 1255 4152 1334 4226; x_wconf 91' lang='lat' dir='ltr'>aliis</span> <span class='ocrx_word' id='word_1_327' title='bbox 1360 4152 1501 4227; x_wconf 88' lang='lat' dir='ltr'>indiciis</span> <span class='ocrx_word' id='word_1_328' title='bbox 1530 4153 1637 4226; x_wconf 89' lang='lat' dir='ltr'>nullis</span> <span class='ocrx_word' id='word_1_329' title='bbox 1665 4153 1881 4228; x_wconf 88' lang='lat' dir='ltr'>christianos</span> <span class='ocrx_word' id='word_1_330' title='bbox 1909 4179 1971 4227; x_wconf 88' lang='lat' dir='ltr'>eos</span> <span class='ocrx_word' id='word_1_331' title='bbox 1998 4177 2076 4226; x_wconf 88' lang='lat' dir='ltr'>esse</span> <span class='ocrx_word' id='word_1_332' title='bbox 2103 4163 2299 4242; x_wconf 88' lang='lat' dir='ltr'>constaret,</span> 
     </span>
     <span class='ocr_line' id='line_1_30' title="bbox 222 4277 1298 4378; baseline 0.006 -29"><span class='ocrx_word' id='word_1_333' title='bbox 222 4277 462 4351; x_wconf 89' lang='lat' dir='ltr'>incertissimo</span> <span class='ocrx_word' id='word_1_334' title='bbox 490 4305 576 4351; x_wconf 88' lang='lat' dir='ltr'>sane</span> <span class='ocrx_word' id='word_1_335' title='bbox 604 4280 727 4378; x_wconf 90' lang='lat' dir='ltr'>opinio</span> <span class='ocrx_word' id='word_1_336' title='bbox 754 4281 1019 4355; x_wconf 86' lang='lat' dir='ltr'>illanitcretur</span> <span class='ocrx_word' id='word_1_337' title='bbox 1046 4284 1298 4355; x_wconf 87' lang='lat' dir='ltr'>fundamento.</span> 
     </span>
    </p>
   </div>
   <div class='ocr_carea' id='block_1_7' title="bbox 222 4533 2451 6178">
    <p class='ocr_par' dir='ltr' id='par_1_11' title="bbox 222 4533 2451 5794">
     <span class='ocr_line' id='line_1_31' title="bbox 380 4533 2428 4637; baseline -0 -30"><span class='ocrx_word' id='word_1_338' title='bbox 380 4537 435 4607; x_wconf 77' lang='lat' dir='ltr'>tt.</span> <span class='ocrx_word' id='word_1_339' title='bbox 491 4533 677 4635; x_wconf 88' lang='lat' dir='ltr'>Conposui</span> <span class='ocrx_word' id='word_1_340' title='bbox 707 4535 744 4608; x_wconf 91' lang='lat' dir='ltr'>in</span> <span class='ocrx_word' id='word_1_341' title='bbox 778 4536 954 4611; x_wconf 90' lang='lat' dir='ltr'>indiceX</span> <span class='ocrx_word' id='word_1_342' title='bbox 987 4538 1044 4634; x_wconf 84' lang='lat' dir='ltr'>(p.</span> <span class='ocrx_word' id='word_1_343' title='bbox 1065 4539 1136 4634; x_wconf 81' lang='lat'>97)</span> <span class='ocrx_word' id='word_1_344' title='bbox 1171 4561 1410 4636; x_wconf 88' lang='lat' dir='ltr'>quaecunque</span> <span class='ocrx_word' id='word_1_345' title='bbox 1445 4538 1490 4612; x_wconf 91' lang='lat' dir='ltr'>ab</span> <span class='ocrx_word' id='word_1_346' title='bbox 1525 4538 1683 4637; x_wconf 90' lang='lat' dir='ltr'>optimae</span> <span class='ocrx_word' id='word_1_347' title='bbox 1715 4539 1843 4612; x_wconf 89' lang='lat' dir='ltr'>aetatis</span> <span class='ocrx_word' id='word_1_348' title='bbox 1873 4537 2070 4612; x_wconf 88' lang='lat' dir='ltr'>Latinitate</span> <span class='ocrx_word' id='word_1_349' title='bbox 2102 4539 2300 4613; x_wconf 90' lang='lat' dir='ltr'>abhorrent</span> <span class='ocrx_word' id='word_1_350' title='bbox 2326 4559 2428 4608; x_wconf 71' lang='lat' dir='ltr'>tuom</span> 
     </span>
     <span class='ocr_line' id='line_1_32' title="bbox 222 4645 2451 4764; baseline 0.003 -30"><span class='ocrx_word' id='word_1_351' title='bbox 222 4661 258 4733; x_wconf 91' lang='lat' dir='ltr'>in</span> <span class='ocrx_word' id='word_1_352' title='bbox 287 4663 478 4735; x_wconf 88' lang='lat' dir='ltr'>titulorum</span> <span class='ocrx_word' id='word_1_353' title='bbox 505 4663 799 4737; x_wconf 90' lang='lat' dir='ltr'>Britannicorum</span> <span class='ocrx_word' id='word_1_354' title='bbox 826 4689 1005 4738; x_wconf 90' lang='lat' dir='ltr'>sermone.</span> <span class='ocrx_word' id='word_1_355' title='bbox 1058 4663 1159 4753; x_wconf 80' lang='lat' dir='ltr'>Quae</span> <span class='ocrx_word' id='word_1_356' title='bbox 1187 4665 1217 4739; x_wconf 91' lang='lat' dir='ltr'>si</span> <span class='ocrx_word' id='word_1_357' title='bbox 1245 4667 1413 4740; x_wconf 86' lang='lat' dir='ltr'>universa</span> <span class='ocrx_word' id='word_1_358' title='bbox 1439 4667 1744 4757; x_wconf 58' lang='lat' dir='ltr'>consideraveris</span> <span class='ocrx_word' id='word_1_359' title='bbox 1778 4667 1841 4738; x_wconf 83' lang='lat' dir='ltr'>vix</span> <span class='ocrx_word' id='word_1_360' title='bbox 1869 4666 2067 4764; x_wconf 87' lang='lat' dir='ltr'>quidquam</span> <span class='ocrx_word' id='word_1_361' title='bbox 2094 4667 2131 4740; x_wconf 90' lang='lat' dir='ltr'>in</span> <span class='ocrx_word' id='word_1_362' title='bbox 2159 4667 2209 4742; x_wconf 89' lang='lat' dir='ltr'>eis</span> <span class='ocrx_word' id='word_1_363' title='bbox 2237 4645 2451 4740; x_wconf 47' lang='lat' dir='ltr'>desuetorum</span> 
     </span>
     <span class='ocr_line' id='line_1_33' title="bbox 223 4789 2299 4894; baseline 0.003 -31"><span class='ocrx_word' id='word_1_364' title='bbox 223 4789 442 4889; x_wconf 89' lang='lat' dir='ltr'>prehendes,</span> <span class='ocrx_word' id='word_1_365' title='bbox 479 4793 578 4889; x_wconf 93' lang='lat' dir='ltr'>qnod</span> <span class='ocrx_word' id='word_1_366' title='bbox 612 4817 685 4865; x_wconf 92' lang='lat' dir='ltr'>non</span> <span class='ocrx_word' id='word_1_367' title='bbox 716 4804 903 4890; x_wconf 89' lang='lat' dir='ltr'>repertum</span> <span class='ocrx_word' id='word_1_368' title='bbox 937 4793 984 4866; x_wconf 90' lang='lat' dir='ltr'>sit</span> <span class='ocrx_word' id='word_1_369' title='bbox 1011 4793 1120 4867; x_wconf 91' lang='lat' dir='ltr'>etiam</span> <span class='ocrx_word' id='word_1_370' title='bbox 1146 4795 1182 4866; x_wconf 90' lang='lat' dir='ltr'>in</span> <span class='ocrx_word' id='word_1_371' title='bbox 1209 4795 1374 4894; x_wconf 90' lang='lat' dir='ltr'>priorum</span> <span class='ocrx_word' id='word_1_372' title='bbox 1400 4821 1505 4869; x_wconf 88' lang='lat' dir='ltr'>aerae</span> <span class='ocrx_word' id='word_1_373' title='bbox 1532 4807 1679 4869; x_wconf 89' lang='lat' dir='ltr'>nostrae</span> <span class='ocrx_word' id='word_1_374' title='bbox 1706 4794 1933 4869; x_wconf 91' lang='lat' dir='ltr'>saeculorum</span> <span class='ocrx_word' id='word_1_375' title='bbox 1960 4820 2126 4869; x_wconf 89' lang='lat' dir='ltr'>sermone</span> <span class='ocrx_word' id='word_1_376' title='bbox 2152 4797 2299 4872; x_wconf 90' lang='lat' dir='ltr'>rustico.</span> 
     </span>
     <span class='ocr_line' id='line_1_34' title="bbox 224 4917 2300 5021; baseline 0.004 -29"><span class='ocrx_word' id='word_1_377' title='bbox 224 4917 336 4992; x_wconf 89' lang='lat' dir='ltr'>Tituli</span> <span class='ocrx_word' id='word_1_378' title='bbox 362 4918 527 5019; x_wconf 91' lang='lat' dir='ltr'>plerique</span> <span class='ocrx_word' id='word_1_379' title='bbox 553 4920 605 4992; x_wconf 91' lang='lat' dir='ltr'>ita</span> <span class='ocrx_word' id='word_1_380' title='bbox 632 4919 822 5018; x_wconf 87' lang='lat' dir='ltr'>conparati</span> <span class='ocrx_word' id='word_1_381' title='bbox 849 4933 945 5010; x_wconf 91' lang='lat' dir='ltr'>sunt,</span> <span class='ocrx_word' id='word_1_382' title='bbox 975 4935 1015 4994; x_wconf 92' lang='lat' dir='ltr'>ut</span> <span class='ocrx_word' id='word_1_383' title='bbox 1041 4934 1187 5021; x_wconf 88' lang='lat' dir='ltr'>praeter</span> <span class='ocrx_word' id='word_1_384' title='bbox 1212 4924 1361 4996; x_wconf 90' lang='lat' dir='ltr'>nomina</span> <span class='ocrx_word' id='word_1_385' title='bbox 1387 4935 1424 4996; x_wconf 92' lang='lat' dir='ltr'>et</span> <span class='ocrx_word' id='word_1_386' title='bbox 1449 4921 1508 4996; x_wconf 85' lang='lat' dir='ltr'>lu&#39;c</span> <span class='ocrx_word' id='word_1_387' title='bbox 1533 4921 1620 4997; x_wconf 75' lang='lat' dir='ltr'>iacal</span> <span class='ocrx_word' id='word_1_388' title='bbox 1645 4923 1837 4998; x_wconf 87' lang='lat' dir='ltr'>formulam</span> <span class='ocrx_word' id='word_1_389' title='bbox 1864 4923 1953 4998; x_wconf 92' lang='lat' dir='ltr'>nihil</span> <span class='ocrx_word' id='word_1_390' title='bbox 1978 4925 2054 4998; x_wconf 89' lang='lat' dir='ltr'>fere</span> <span class='ocrx_word' id='word_1_391' title='bbox 2080 4925 2300 5016; x_wconf 86' lang='lat' dir='ltr'>contineant,</span> 
     </span>
     <span class='ocr_line' id='line_1_35' title="bbox 224 5047 2302 5150; baseline 0.005 -32"><span class='ocrx_word' id='word_1_392' title='bbox 224 5071 244 5118; x_wconf 91' lang='lat' dir='ltr'>e</span> <span class='ocrx_word' id='word_1_393' title='bbox 271 5071 344 5144; x_wconf 95' lang='lat' dir='ltr'>quo</span> <span class='ocrx_word' id='word_1_394' title='bbox 372 5048 549 5120; x_wconf 87' lang='lat' dir='ltr'>sermonis</span> <span class='ocrx_word' id='word_1_395' title='bbox 577 5047 809 5121; x_wconf 90' lang='lat' dir='ltr'>observantia</span> <span class='ocrx_word' id='word_1_396' title='bbox 835 5050 952 5146; x_wconf 87' lang='lat' dir='ltr'>possit</span> <span class='ocrx_word' id='word_1_397' title='bbox 979 5051 1120 5125; x_wconf 92' lang='lat' dir='ltr'>deduci.</span> <span class='ocrx_word' id='word_1_398' title='bbox 1175 5056 1296 5149; x_wconf 85' lang='lat' dir='ltr'>Atque</span> <span class='ocrx_word' id='word_1_399' title='bbox 1322 5049 1381 5124; x_wconf 85' lang='lat' dir='ltr'>lu&#39;e</span> <span class='ocrx_word' id='word_1_400' title='bbox 1406 5051 1495 5125; x_wconf 92' lang='lat' dir='ltr'>illud</span> <span class='ocrx_word' id='word_1_401' title='bbox 1522 5051 1747 5150; x_wconf 85' lang='lat' dir='ltr'>frequentius</span> <span class='ocrx_word' id='word_1_402' title='bbox 1775 5052 1826 5126; x_wconf 86' lang='lat' dir='ltr'>ita</span> <span class='ocrx_word' id='word_1_403' title='bbox 1850 5062 1949 5128; x_wconf 90' lang='lat' dir='ltr'>recte</span> <span class='ocrx_word' id='word_1_404' title='bbox 1975 5051 2158 5142; x_wconf 85' lang='lat' dir='ltr'>scribitur3</span> <span class='ocrx_word' id='word_1_405' title='bbox 2186 5054 2302 5128; x_wconf 88' lang='lat' dir='ltr'>rarius</span> 
     </span>
     <span class='ocr_line' id='line_1_36' title="bbox 224 5174 2300 5280; baseline 0.004 -35"><span class='ocrx_word' id='word_1_406' title='bbox 224 5175 358 5249; x_wconf 90' lang='lat' dir='ltr'>omissa</span> <span class='ocrx_word' id='word_1_407' title='bbox 391 5175 610 5273; x_wconf 89' lang='lat' dir='ltr'>aspiratione</span> <span class='ocrx_word' id='word_1_408' title='bbox 644 5176 695 5249; x_wconf 85' lang='lat' dir='ltr'>ita</span> <span class='ocrx_word' id='word_1_409' title='bbox 726 5175 771 5249; x_wconf 84' lang='lat' dir='ltr'>r&#39;c.</span> <span class='ocrx_word' id='word_1_410' title='bbox 826 5174 964 5250; x_wconf 81' lang='lat' dir='ltr'>Contra</span> <span class='ocrx_word' id='word_1_411' title='bbox 996 5205 1111 5277; x_wconf 89' lang='lat' dir='ltr'>paene</span> <span class='ocrx_word' id='word_1_412' title='bbox 1143 5191 1354 5254; x_wconf 86' lang='lat' dir='ltr'>constanter</span> <span class='ocrx_word' id='word_1_413' title='bbox 1380 5177 1466 5252; x_wconf 80' lang='lat' dir='ltr'>iuca&#39;t</span> <span class='ocrx_word' id='word_1_414' title='bbox 1491 5181 1667 5280; x_wconf 89' lang='lat' dir='ltr'>scriptum</span> <span class='ocrx_word' id='word_1_415' title='bbox 1694 5191 1766 5270; x_wconf 91' lang='lat' dir='ltr'>est,</span> <span class='ocrx_word' id='word_1_416' title='bbox 1797 5205 1869 5253; x_wconf 94' lang='lat' dir='ltr'>non</span> <span class='ocrx_word' id='word_1_417' title='bbox 1896 5179 2003 5262; x_wconf 76' lang='lat' dir='ltr'>iucet3</span> <span class='ocrx_word' id='word_1_418' title='bbox 2037 5192 2076 5254; x_wconf 90' lang='lat' dir='ltr'>ut</span> <span class='ocrx_word' id='word_1_419' title='bbox 2107 5192 2204 5255; x_wconf 91' lang='lat' dir='ltr'>recte</span> <span class='ocrx_word' id='word_1_420' title='bbox 2229 5183 2300 5254; x_wconf 88' lang='lat' dir='ltr'>iam</span> 
     </span>
     <span class='ocr_line' id='line_1_37' title="bbox 224 5302 2303 5409; baseline 0.004 -34"><span class='ocrx_word' id='word_1_421' title='bbox 224 5302 433 5376; x_wconf 89' lang='lat' dir='ltr'>observavit</span> <span class='ocrx_word' id='word_1_422' title='bbox 470 5303 497 5375; x_wconf 91' lang='lat'>1.</span> <span class='ocrx_word' id='word_1_423' title='bbox 530 5304 648 5402; x_wconf 88' lang='lat' dir='ltr'>Rhys</span> <span class='ocrx_word' id='word_1_424' title='bbox 680 5304 872 5401; x_wconf 77' lang='lat' dir='ltr'>(inscribed</span> <span class='ocrx_word' id='word_1_425' title='bbox 905 5317 1020 5380; x_wconf 83' lang='lat' dir='ltr'>stanes</span> <span class='ocrx_word' id='word_1_426' title='bbox 1057 5307 1101 5404; x_wconf 88' lang='lat' dir='ltr'>of</span> <span class='ocrx_word' id='word_1_427' title='bbox 1131 5305 1245 5380; x_wconf 85' lang='lat' dir='ltr'>Wales</span> <span class='ocrx_word' id='word_1_428' title='bbox 1277 5335 1311 5408; x_wconf 93' lang='lat' dir='ltr'>p.</span> <span class='ocrx_word' id='word_1_429' title='bbox 1337 5314 1378 5381; x_wconf 92' lang='grc'>11</span> <span class='ocrx_word' id='word_1_430' title='bbox 1418 5319 1455 5381; x_wconf 92' lang='lat' dir='ltr'>et</span> <span class='ocrx_word' id='word_1_431' title='bbox 1491 5309 1609 5406; x_wconf 91' lang='lat' dir='ltr'>alibi).</span> <span class='ocrx_word' id='word_1_432' title='bbox 1671 5307 1842 5382; x_wconf 87' lang='lat' dir='ltr'>Eiusdem</span> <span class='ocrx_word' id='word_1_433' title='bbox 1875 5309 1952 5382; x_wconf 85' lang='lat' dir='ltr'>fere</span> <span class='ocrx_word' id='word_1_434' title='bbox 1986 5309 2127 5406; x_wconf 88' lang='lat' dir='ltr'>generis</span> <span class='ocrx_word' id='word_1_435' title='bbox 2163 5309 2303 5409; x_wconf 88' lang='lat' dir='ltr'>reliqua</span> 
     </span>
     <span class='ocr_line' id='line_1_38' title="bbox 223 5433 2301 5518; baseline 0.004 -14"><span class='ocrx_word' id='word_1_436' title='bbox 223 5443 325 5518; x_wconf 85' lang='lat' dir='ltr'>sunt3</span> <span class='ocrx_word' id='word_1_437' title='bbox 361 5457 448 5504; x_wconf 91' lang='lat' dir='ltr'>num</span> <span class='ocrx_word' id='word_1_438' title='bbox 481 5457 520 5506; x_wconf 90' lang='lat' dir='ltr'>re</span> <span class='ocrx_word' id='word_1_439' title='bbox 551 5457 638 5506; x_wconf 89' lang='lat' dir='ltr'>vera</span> <span class='ocrx_word' id='word_1_440' title='bbox 670 5459 751 5507; x_wconf 93' lang='lat' dir='ltr'>oum</span> <span class='ocrx_word' id='word_1_441' title='bbox 785 5433 952 5508; x_wconf 87' lang='lat' dir='ltr'>flexionis</span> <span class='ocrx_word' id='word_1_442' title='bbox 979 5433 1131 5508; x_wconf 86' lang='lat' dir='ltr'>Latinae</span> <span class='ocrx_word' id='word_1_443' title='bbox 1164 5437 1289 5511; x_wconf 87' lang='lat' dir='ltr'>formis</span> <span class='ocrx_word' id='word_1_444' title='bbox 1316 5439 1490 5513; x_wconf 85' lang='lat' dir='ltr'>confusae</span> <span class='ocrx_word' id='word_1_445' title='bbox 1517 5439 1591 5512; x_wconf 89' lang='lat' dir='ltr'>siut</span> <span class='ocrx_word' id='word_1_446' title='bbox 1617 5464 1638 5510; x_wconf 91' lang='lat' dir='ltr'>a</span> <span class='ocrx_word' id='word_1_447' title='bbox 1664 5437 1848 5511; x_wconf 89' lang='lat' dir='ltr'>Britannis</span> <span class='ocrx_word' id='word_1_448' title='bbox 1874 5438 1910 5510; x_wconf 91' lang='lat' dir='ltr'>in</span> <span class='ocrx_word' id='word_1_449' title='bbox 1939 5437 2037 5512; x_wconf 89' lang='lat' dir='ltr'>hisce</span> <span class='ocrx_word' id='word_1_450' title='bbox 2064 5449 2100 5512; x_wconf 92' lang='lat' dir='ltr'>et</span> <span class='ocrx_word' id='word_1_451' title='bbox 2127 5439 2301 5513; x_wconf 87' lang='lat' dir='ltr'>similibus</span> 
     </span>
     <span class='ocr_line' id='line_1_39' title="bbox 224 5550 2374 5666; baseline 0.006 -37"><span class='ocrx_word' id='word_1_452' title='bbox 224 5554 381 5630; x_wconf 82' lang='lat' dir='ltr'>Celticae</span> <span class='ocrx_word' id='word_1_453' title='bbox 419 5558 564 5657; x_wconf 84' lang='lat' dir='ltr'>linguae</span> <span class='ocrx_word' id='word_1_454' title='bbox 596 5561 754 5650; x_wconf 84' lang='lat' dir='ltr'>formae,</span> <span class='ocrx_word' id='word_1_455' title='bbox 798 5573 837 5634; x_wconf 95' lang='lat' dir='ltr'>ut</span> <span class='ocrx_word' id='word_1_456' title='bbox 869 5563 998 5636; x_wconf 89' lang='lat' dir='ltr'>statuit</span> <span class='ocrx_word' id='word_1_457' title='bbox 1034 5563 1088 5636; x_wconf 90' lang='lat' dir='ltr'>vir</span> <span class='ocrx_word' id='word_1_458' title='bbox 1124 5564 1182 5636; x_wconf 91' lang='lat' dir='ltr'>ille</span> <span class='ocrx_word' id='word_1_459' title='bbox 1221 5568 1472 5656; x_wconf 85' lang='lat' dir='ltr'>doctissimus,</span> <span class='ocrx_word' id='word_1_460' title='bbox 1511 5565 1679 5662; x_wconf 90' lang='lat' dir='ltr'>equidem</span> <span class='ocrx_word' id='word_1_461' title='bbox 1712 5578 1803 5666; x_wconf 93' lang='lat' dir='ltr'>puto</span> <span class='ocrx_word' id='word_1_462' title='bbox 1840 5567 1998 5640; x_wconf 92' lang='lat' dir='ltr'>dubitari</span> <span class='ocrx_word' id='word_1_463' title='bbox 2030 5592 2149 5666; x_wconf 90' lang='lat' dir='ltr'>posse.</span> <span class='ocrx_word' id='word_1_464' title='bbox 2209 5567 2303 5641; x_wconf 88' lang='lat' dir='ltr'>Sunt</span> <span class='ocrx_word' id='word_1_465' title='bbox 2366 5550 2374 5566; x_wconf 52' lang='grc'>’</span> 
     </span>
     <span class='ocr_line' id='line_1_40' title="bbox 224 5688 2306 5794; baseline 0.005 -36"><span class='ocrx_word' id='word_1_466' title='bbox 224 5689 402 5784; x_wconf 90' lang='lat' dir='ltr'>quaedam</span> <span class='ocrx_word' id='word_1_467' title='bbox 431 5713 518 5761; x_wconf 89' lang='lat' dir='ltr'>sane</span> <span class='ocrx_word' id='word_1_468' title='bbox 545 5688 734 5762; x_wconf 88' lang='lat' dir='ltr'>barbariae</span> <span class='ocrx_word' id='word_1_469' title='bbox 760 5691 954 5789; x_wconf 86' lang='lat' dir='ltr'>peculiaris</span> <span class='ocrx_word' id='word_1_470' title='bbox 982 5693 1201 5783; x_wconf 87' lang='lat' dir='ltr'>testimonia,</span> <span class='ocrx_word' id='word_1_471' title='bbox 1230 5693 1342 5767; x_wconf 87' lang='lat' dir='ltr'>veluti</span> <span class='ocrx_word' id='word_1_472' title='bbox 1363 5720 1564 5794; x_wconf 84' lang='lat' dir='ltr'>properare</span> <span class='ocrx_word' id='word_1_473' title='bbox 1590 5694 1678 5767; x_wconf 94' lang='lat' dir='ltr'>illud</span> <span class='ocrx_word' id='word_1_474' title='bbox 1697 5721 1765 5794; x_wconf 93' lang='lat' dir='ltr'>pro</span> <span class='ocrx_word' id='word_1_475' title='bbox 1779 5719 2012 5793; x_wconf 82' lang='lat' dir='ltr'>praeparare;</span> <span class='ocrx_word' id='word_1_476' title='bbox 2041 5696 2169 5769; x_wconf 91' lang='lat' dir='ltr'>deinde</span> <span class='ocrx_word' id='word_1_477' title='bbox 2190 5691 2306 5770; x_wconf 76' lang='lat' dir='ltr'>Cn‘rdi</span> 
     </span>
    </p>

    <p class='ocr_par' dir='ltr' id='par_1_12' title="bbox 222 5813 2301 6178">
     <span class='ocr_line' id='line_1_41' title="bbox 222 5813 2299 5922; baseline 0.006 -37"><span class='ocrx_word' id='word_1_478' title='bbox 222 5823 261 5886; x_wconf 90' lang='lat' dir='ltr'>et</span> <span class='ocrx_word' id='word_1_479' title='bbox 291 5815 411 5888; x_wconf 78' lang='lat' dir='ltr'>suutdt&#39;</span> <span class='ocrx_word' id='word_1_480' title='bbox 434 5841 503 5914; x_wconf 91' lang='lat' dir='ltr'>pro</span> <span class='ocrx_word' id='word_1_481' title='bbox 531 5813 666 5890; x_wconf 79' lang='lat' dir='ltr'>Clna&#39;stl</span> <span class='ocrx_word' id='word_1_482' title='bbox 696 5828 733 5892; x_wconf 92' lang='lat' dir='ltr'>et</span> <span class='ocrx_word' id='word_1_483' title='bbox 766 5818 899 5908; x_wconf 77' lang='lat' dir='ltr'>suncti,</span> <span class='ocrx_word' id='word_1_484' title='bbox 922 5819 998 5916; x_wconf 79' lang='lat' dir='ltr'>fias</span> <span class='ocrx_word' id='word_1_485' title='bbox 1030 5846 1098 5919; x_wconf 91' lang='lat' dir='ltr'>pro</span> <span class='ocrx_word' id='word_1_486' title='bbox 1123 5821 1225 5918; x_wconf 81' lang='lat' dir='ltr'>filius</span> <span class='ocrx_word' id='word_1_487' title='bbox 1257 5822 1416 5918; x_wconf 87' lang='lat' dir='ltr'>(simodo</span> <span class='ocrx_word' id='word_1_488' title='bbox 1450 5837 1589 5899; x_wconf 87' lang='lat' dir='ltr'>certum</span> <span class='ocrx_word' id='word_1_489' title='bbox 1623 5824 1717 5918; x_wconf 90' lang='lat' dir='ltr'>est),</span> <span class='ocrx_word' id='word_1_490' title='bbox 1741 5823 1816 5922; x_wconf 64' lang='lat' dir='ltr'>filli</span> <span class='ocrx_word' id='word_1_491' title='bbox 1838 5821 2006 5922; x_wconf 58' lang='lat' dir='ltr'>&#39;Turpilli</span> <span class='ocrx_word' id='word_1_492' title='bbox 2022 5826 2136 5921; x_wconf 83' lang='lat' dir='ltr'>&lt;quod</span> <span class='ocrx_word' id='word_1_493' title='bbox 2170 5850 2299 5898; x_wconf 91' lang='lat' dir='ltr'>nomen</span> 
     </span>
     <span class='ocr_line' id='line_1_42' title="bbox 224 5943 2301 6050; baseline 0.007 -38"><span class='ocrx_word' id='word_1_494' title='bbox 224 5965 336 6040; x_wconf 90' lang='lat' dir='ltr'>supra</span> <span class='ocrx_word' id='word_1_495' title='bbox 368 5943 438 6016; x_wconf 91' lang='lat' dir='ltr'>iam</span> <span class='ocrx_word' id='word_1_496' title='bbox 471 5944 546 6018; x_wconf 85' lang='lat' dir='ltr'>dixi</span> <span class='ocrx_word' id='word_1_497' title='bbox 573 5945 729 6020; x_wconf 90' lang='lat' dir='ltr'>fortasse</span> <span class='ocrx_word' id='word_1_498' title='bbox 758 5947 818 6018; x_wconf 89' lang='lat' dir='ltr'>vix</span> <span class='ocrx_word' id='word_1_499' title='bbox 846 5950 1129 6046; x_wconf 90' lang='lat' dir='ltr'>conponendum</span> <span class='ocrx_word' id='word_1_500' title='bbox 1157 5975 1235 6024; x_wconf 89' lang='lat' dir='ltr'>esse</span> <span class='ocrx_word' id='word_1_501' title='bbox 1263 5977 1346 6025; x_wconf 88' lang='lat' dir='ltr'>oum</span> <span class='ocrx_word' id='word_1_502' title='bbox 1374 5951 1548 6050; x_wconf 82' lang='lat' dir='ltr'>Turpiliis</span> <span class='ocrx_word' id='word_1_503' title='bbox 1574 5952 1729 6025; x_wconf 90' lang='lat' dir='ltr'>vetustis</span> <span class='ocrx_word' id='word_1_504' title='bbox 1757 5952 1915 6026; x_wconf 90' lang='lat' dir='ltr'>Tusculo</span> <span class='ocrx_word' id='word_1_505' title='bbox 1943 5953 2136 6049; x_wconf 81' lang='lat' dir='ltr'>oriundis),</span> <span class='ocrx_word' id='word_1_506' title='bbox 2171 5953 2301 6026; x_wconf 85' lang='lat' dir='ltr'>deinde</span> 
     </span>
     <span class='ocr_line' id='line_1_43' title="bbox 223 6070 2299 6178; baseline 0.006 -36"><span class='ocrx_word' id='word_1_507' title='bbox 223 6070 497 6146; x_wconf 58' lang='lat' dir='ltr'>ammirantibus</span> <span class='ocrx_word' id='word_1_508' title='bbox 524 6073 684 6147; x_wconf 84' lang='lat' dir='ltr'>dommus</span> <span class='ocrx_word' id='word_1_509' title='bbox 711 6085 747 6147; x_wconf 94' lang='lat' dir='ltr'>et</span> <span class='ocrx_word' id='word_1_510' title='bbox 773 6073 870 6148; x_wconf 81' lang='lat' dir='ltr'>sumi</span> <span class='ocrx_word' id='word_1_511' title='bbox 893 6075 1027 6150; x_wconf 79' lang='lat' dir='ltr'>surear&#39;t</span> <span class='ocrx_word' id='word_1_512' title='bbox 1049 6075 1135 6151; x_wconf 70' lang='lat' dir='ltr'>unit</span> <span class='ocrx_word' id='word_1_513' title='bbox 1157 6076 1381 6176; x_wconf 67' lang='lat' dir='ltr'>plantaremus</span> <span class='ocrx_word' id='word_1_514' title='bbox 1408 6091 1444 6154; x_wconf 91' lang='lat' dir='ltr'>et</span> <span class='ocrx_word' id='word_1_515' title='bbox 1472 6078 1620 6168; x_wconf 86' lang='lat' dir='ltr'>similia,</span> <span class='ocrx_word' id='word_1_516' title='bbox 1637 6079 1753 6177; x_wconf 76' lang='lat' dir='ltr'>finpsi</span> <span class='ocrx_word' id='word_1_517' title='bbox 1775 6079 1918 6178; x_wconf 71' lang='lat' dir='ltr'>sinque,</span> <span class='ocrx_word' id='word_1_518' title='bbox 1951 6079 2127 6154; x_wconf 63' lang='lat' dir='ltr'>benedrirr&#39;o</span> <span class='ocrx_word' id='word_1_519' title='bbox 2153 6079 2299 6172; x_wconf 78' lang='lat' dir='ltr'>ablasio,</span> 
     </span>
    </p>
   </div>
   <div class='ocr_carea' id='block_1_8' title="bbox 224 6193 2301 6388">
    <p class='ocr_par' dir='ltr' id='par_1_13' title="bbox 224 6193 2301 6388">
     <span class='ocr_line' id='line_1_44' title="bbox 224 6193 2301 6309; baseline 0.006 -37"><span class='ocrx_word' id='word_1_520' title='bbox 224 6193 388 6272; x_wconf 74' lang='lat' dir='ltr'>Caelesti.</span> <span class='ocrx_word' id='word_1_521' title='bbox 444 6199 514 6274; x_wconf 91' lang='lat' dir='ltr'>Sed</span> <span class='ocrx_word' id='word_1_522' title='bbox 548 6226 591 6275; x_wconf 89' lang='lat' dir='ltr'>ea</span> <span class='ocrx_word' id='word_1_523' title='bbox 622 6201 653 6275; x_wconf 90' lang='lat' dir='ltr'>si</span> <span class='ocrx_word' id='word_1_524' title='bbox 684 6203 935 6279; x_wconf 88' lang='lat' dir='ltr'>examinamus</span> <span class='ocrx_word' id='word_1_525' title='bbox 967 6206 1193 6295; x_wconf 87' lang='lat' dir='ltr'>adcuratius,</span> <span class='ocrx_word' id='word_1_526' title='bbox 1226 6207 1385 6306; x_wconf 91' lang='lat' dir='ltr'>primum</span> <span class='ocrx_word' id='word_1_527' title='bbox 1419 6208 1535 6282; x_wconf 90' lang='lat' dir='ltr'>multa</span> <span class='ocrx_word' id='word_1_528' title='bbox 1567 6233 1693 6282; x_wconf 89' lang='lat' dir='ltr'>eorum</span> <span class='ocrx_word' id='word_1_529' title='bbox 1728 6210 1774 6281; x_wconf 89' lang='lat' dir='ltr'>ad</span> <span class='ocrx_word' id='word_1_530' title='bbox 1807 6208 2009 6284; x_wconf 85' lang='lat' dir='ltr'>recentiora</span> <span class='ocrx_word' id='word_1_531' title='bbox 2034 6234 2128 6306; x_wconf 92' lang='lat' dir='ltr'>quae</span> <span class='ocrx_word' id='word_1_532' title='bbox 2159 6209 2301 6309; x_wconf 87' lang='lat' dir='ltr'>saepius</span> 
     </span>
     <span class='ocr_line' id='line_1_45' title="bbox 1962 6349 1978 6388; baseline 0 0"><span class='ocrx_word' id='word_1_533' title='bbox 1962 6349 1978 6388; x_wconf 81' lang='lat' dir='ltr'>C</span> 
     </span>
    </p>
   </div>
   <div class='ocr_carea' id='block_1_9' title="bbox 0 0 2642 6868">
    <p class='ocr_par' dir='ltr' id='par_1_14' title="bbox 0 0 2642 6868">
     <span class='ocr_line' id='line_1_46' title="bbox 0 0 2642 6868; baseline 0 0"><span class='ocrx_word' id='word_1_534' title='bbox 0 0 2642 6868; x_wconf 95' lang='lat' dir='ltr'> </span> 
     </span>
    </p>
   </div>
  </div>
 </body>
</html>
