5258 6872
1309 485 1351 558 ΙΙ·

278 715 428 791 operam
455 691 622 789 quamvis
650 687 738 763 satis
765 689 967 792 inpeditam
996 699 1125 788 utpote
1153 689 1308 762 alienam
1335 719 1357 764 a
1384 691 1515 764 studiis
1542 691 1632 764 meis
1659 691 1695 763 in
1724 715 1783 763 me
1811 691 1998 791 suscipere
2017 717 2245 790 aspernarer,
2273 719 2378 792 prae·

278 818 403 893 sertim
431 843 514 892 cum
544 817 696 891 similem
724 817 759 889 iu
788 815 997 916 Hispaniois
1026 816 1234 892 christianis
1262 818 1506 916 praestiterim
1535 845 1608 905 non
1638 819 1715 892 sine
1741 819 1877 910 fructu,
1907 831 1947 892 ut
1974 831 2077 918 puto.
2122 818 2215 894 Nam
2244 809 2377 917 quibus

277 946 469 1021 titulorum
509 970 736 1045 paganorum
778 945 813 1018 in
845 944 1036 1018 Britannia
1074 955 1305 1044 repertorum
1345 972 1480 1046 corpus
1520 947 1656 1020 tradidi
1693 946 1861 1020 homines
1901 947 2038 1020 doctos·
2072 957 2147 1020 tam
2177 948 2376 1023 Britannos

278 1100 388 1172 quam
423 1086 570 1147 exteros
603 1073 712 1147 etiam
745 1072 1028 1146 christianorum
1060 1072 1156 1147 hano
1190 1073 1354 1172 syllogen
1387 1102 1410 1147 a
1436 1099 1494 1148 me
1521 1074 1668 1172 exigere
1694 1101 1804 1173 posse
1832 1055 2047 1174 persuasum
2073 1074 2198 1148 habui.
2253 1079 2378 1176 Atque

278 1213 319 1293 ut
351 1213 498 1301 praeter
529 1200 617 1275 artis
649 1201 823 1298 antiquae
858 1225 971 1299 opera
1003 1200 1178 1299 primaria
1213 1201 1322 1274 etiam
1358 1201 1533 1300 opificum
1561 1201 1737 1300 figmenta
1765 1201 1851 1276 vilia
1877 1203 2095 1302 plerumque
2121 1227 2311 1277 servamus
2338 1205 2376 1277 in·

206 1363 210 1373 ·
276 1331 428 1418 muscis,
467 1341 508 1403 ut
538 1341 685 1429 praeter
718 1327 847 1401 titulos
880 1327 1080 1427 inscriptos
1115 1329 1303 1403 nobilioris
1345 1342 1456 1404 notae
1491 1357 1565 1403 non
1603 1330 1844 1428 dedignamur
1879 1330 1914 1403 in
1952 1331 2176 1430 syllogarum
2210 1332 2375 1405 ordinem

258 1458 440 1557 'recipere
467 1457 577 1532 etiam
605 1456 715 1530 exilia
740 1456 802 1530 illa
829 1455 1052 1529 domesticae
1070 1433 1297 1556 'supellectili
1322 1458 1510 1557 inscripta,
1539 1457 1657 1556 ignari
1684 1484 1794 1557 saepe
1823 1459 1966 1532 cuinam
1996 1483 2038 1532 ea
2057 1459 2374 1554 aliquandolutili-

275 1597 390 1660 tatem
417 1585 560 1684 possint
587 1585 728 1676 afferre,
756 1585 809 1657 ita
837 1583 946 1656 etiam
973 1597 1213 1659 monumenta
1239 1586 1330 1660 haec
1358 1587 1395 1658 in
1424 1585 1584 1659 confinio
1613 1586 1718 1682 quasi
1738 1585 1969 1684 antiquitatis
1987 1585 2278 1684 recentiorisque
2296 1589 2375 1660 aevi
2488 1595 2493 1606 '

275 1714 398 1814 posita
430 1715 630 1788 secundum
665 1712 755 1786 artis
790 1723 937 1786 nostrae
968 1710 1068 1808 leges
1096 1737 1287 1787 recensere
1315 1725 1426 1812 atque
1459 1707 1656 1788 inlustrare
1691 1739 1825 1812 operae
1859 1715 2018 1813 pretium
2046 1723 2120 1803 est3
2160 1714 2250 1787 nihil
2278 1715 2374 1789 enim

276 1842 418 1940 antiqui
445 1869 467 1915 a
494 1841 600 1915 nobis
628 1841 785 1914 alienum
814 1864 893 1914 esse
919 1839 1185 1914 existimamus.
1231 1841 1585 1916 Existent·fortasse
1611 1841 1706 1914 inter
1725 1841 1923 1915 Britannos
1944 1852 2057 1939 atque
2075 1841 2171 1915 inter
2191 1853 2373 1917 nostrates

275 1969 337 2067 qui
365 1969 549 2043 hominem
577 1968 810 2070 peregrinum
837 1967 873 2039 in
902 1968 997 2041 hanc
1023 1965 1250 2067 provinciam
1279 1981 1416 2044 temere
1442 1970 1626 2044 insiluisse
1654 1969 1920 2044 conclamaturi
1947 1959 2037 2058 sint3
2067 1995 2162 2067 quos
2190 1995 2257 2068 ego
2286 1995 2374 2045 oon·

275 2106 435 2170 lemnam
463 2097 621 2171 candido
649 2087 783 2171 iudicio
812 2095 1036 2194 optimorum
1062 2095 1239 2202 virorum,
1268 2097 1486 2194 quibuscum
1506 2097 1666 2172 amicitia
1683 2096 1756 2169 iam
1776 2097 1949 2170 diuturna
1968 2097 2111 2196 iungor,
2140 2097 2235 2173 hano
2253 2123 2372 2172 meam

275 2251 424 2324 operam
453 2249 535 2300 cum
562 2225 635 2298 fide
661 2224 888 2324 permittens.

428 2350 511 2442 Qua
549 2377 662 2452 opera
702 2377 783 2424 mea
822 2352 911 2450 quid
950 2352 1167 2451 profecerim
1205 2365 1269 2426 aut
1304 2365 1402 2428 certe
1441 2353 1619 2427 voluerim
1656 2353 1836 2453 proficere
1874 2363 1916 2424 ut
1948 2353 2057 2451 plane
2092 2354 2372 2452 perspiceretur,

274 2505 439 2554 seorsum
473 2481 626 2580 exposui
658 2479 696 2554 in
727 2480 967 2581 paragraphis
1000 2479 1107 2554 buius
1141 2481 1381 2580 praefationis
1409 2507 1502 2578 quae
1530 2493 1706 2556 secuntur
1732 2482 1777 2554 de
1804 2480 1921 2554 titulis
1948 2481 2053 2581 ipsis,
2087 2481 2372 2556 de·auotoribus

274 2632 417 2698 corum,
453 2610 498 2682 de
531 2609 658 2682 ordine
692 2633 766 2706 quo
799 2633 862 2682 eos
895 2585 1089 2707 proposui,
1122 2610 1168 2682 de
1195 2609 1406 2706 regionibus
1441 2633 1460 2682 e
1499 2609 1633 2708 quibus
1670 2609 1904 2707 prodierunt,
1940 2609 1986 2683 de
2018 2610 2214 2707 generibus
2246 2635 2371 2682 eorum

273 2737 593 2836 temporibusque,
622 2737 754 2810 deinde
782 2739 827 2810 de
854 2737 1079 2826 nominibus,
1109 2738 1154 2810 de
1181 2737 1366 2827 formulis,
1396 2738 1441 2810 de
1469 2736 1702 2825 carminibus,
1732 2738 1777 2809 de
1805 2736 1917 2835 signis
1944 2749 1982 2810 et
2008 2737 2184 2836 symbolis
2213 2737 2370 2833 quaein

273 2861 325 2938 eis
351 2864 595 2963 reperiuntur,
625 2864 782 2961 denique
809 2865 854 2938 de
882 2864 1061 2939 sermonis
1089 2865 1249 2962 itemque
1278 2866 1323 2938 de
1350 2864 1580 2938 litteraturae
1607 2864 1742 2962 quibus
1771 2875 1925 2938 utuntur
1953 2864 2252 2964 proprietatibus.

160 3137 254 3189 'rnun
427 3123 461 3192 2.
516 3119 671 3194 Vetusta
697 3118 986 3196 videturfuisse
1020 3097 1249 3210 consuetudo
1283 3145 1410 3193 earum
1436 3120 1669 3221 potissimum
1696 3121 1878 3218 gentium,
1913 3148 2005 3220 quas
2033 3119 2193 3195 Celticae
2221 3120 2371 3219 originis

270 3271 350 3354 esse
377 3248 568 3347 probabile
595 3260 662 3336 est,
690 3250 861 3347 sepulcra
887 3250 1097 3323 tumulosve
1124 3249 1315 3322 hominum
1335 3226 1627 3338 defunctorum,¹
1643 3249 1706 3346 qui
1733 3249 1881 3347 quidem
1909 3275 1996 3348 prae
2024 3249 2154 3323 ceteris
2183 3249 2371 3347 conspicui

269 3375 408 3449 fuerint
434 3376 492 3450 vel
523 3375 701 3475 dignitate
728 3378 784 3450 vel
820 3377 969 3476 opibus,
1003 3378 1158 3452 ornandi
1189 3376 1372 3476 lapidibus
1400 3377 1483 3465 altis
1511 3377 1726 3474 magnisque
1754 3403 1866 3476 supra
1893 3403 1935 3450 ea
1962 3378 2108 3467 erectis,
2144 3377 2278 3476 quibus
2305 3403 2370 3450 no·

269 3503 369 3596 mina
399 3503 545 3588 illorum
577 3505 829 3578 inscriberent.
884 3508 1008 3601 Atque
1040 3507 1137 3605 apud
1172 3507 1325 3578 Astures
1358 3502 1621 3600 Gallaecosque
1652 3503 1850 3605 Hispaniae
1881 3505 2047 3604 ipsorum
2081 3506 2173 3578 adeo
2206 3504 2370 3578 virorum

268 3629 445 3728 imagines
478 3634 588 3706 rudes
622 3633 790 3706 solebant
822 3632 969 3732 exculpi
1003 3633 1224 3729 nominaque
1257 3632 1514 3707 defunctorum
1548 3632 1699 3706 inscribi
1731 3634 1767 3706 in
1800 3632 1935 3706 lumbis
1963 3658 2086 3706 carum
2116 3633 2178 3730 (ol.
2209 3629 2249 3706 O.
2275 3631 2302 3705 Ι.
2328 3631 2368 3706 L.

268 3757 420 3831 112462
443 3758 571 3854 2519).
617 3761 727 3860 Apud
755 3759 877 3834 Celtas
904 3759 1029 3834 ltaliae
1057 3759 1355 3858 septentrionalis
1382 3760 1522 3858 lapides
1552 3761 1640 3833 item
1670 3762 1772 3834 rudis
1801 3761 1922 3860 operis
1950 3740 2093 3859 aliquot
2118 3759 2254 3859 reperti
2283 3772 2370 3834 sunt

269 3895 305 3959 et
339 3886 409 3984 ipsi
441 3887 649 3978 nominibus
683 3900 914 3961 mortuorum
947 3887 1132 3986 inscripti,
1171 3896 1209 3959 at
1244 3899 1375 3960 contra
1409 3913 1548 3961 morem
1586 3888 1804 3968 Romanurn.
1826 3915 1897 3961 non
1934 3887 2003 3978 ita,
2039 3898 2083 3986 ut
2113 3913 2135 3959 a
2170 3897 2289 3961 stante
2323 3890 2368 3960 de

267 4013 380 4113 plano
408 4013 507 4089 recte
538 4016 611 4114 legi
636 4016 796 4116 possint3
833 4017 912 4115 lege
939 4017 1035 4089 enim
1064 4026 1163 4090 certa
1191 4015 1307 4104 nulla,
1344 4027 1384 4088 ut
1410 4015 1567 4106 videtur,
1603 4028 1667 4088 aut
1694 4042 1839 4090 sursum
1867 4018 2039 4090 deorsum
2067 4027 2131 4088 aut
2157 4016 2368 4089 versa-vioe

268 4143 453 4242 scriptura
481 4143 657 4244 procedit.
700 4143 784 4218 Vidi
812 4169 881 4242 ego
909 4125 985 4217 eius
1013 4143 1155 4242 generis
1184 4127 1533 4242 cippum'magnum
1561 4155 1597 4218 et
1625 4144 1725 4234 satis,
1756 4156 1795 4217 ut
1820 4145 2034 4244 apparebat,
2063 4151 2248 4218 vetustum
2276 4143 2315 4240 (i.
2336 4169 2366 4216 e.

267 4295 358 4344 aevo
386 4271 463 4344 fere
489 4271 647 4369 Augusti
675 4273 992 4368 adscribendum),
1021 4271 1084 4371 qui
1111 4281 1278 4370 repertus
1306 4283 1368 4346 est
1389 4273 1436 4362 ad
1463 4271 1610 4370 Alpium
1639 4272 1781 4346 radices
1808 4273 1843 4345 in
1874 4299 1962 4372 agro
1990 4273 2085 4346 inter
2111 4271 2246 4346 Durias
2275 4274 2366 4345 duas

267 4408 378 4494 atquc
406 4411 574 4474 servatur
599 4399 805 4499 Eporediae
832 4403 945 4499 (quac
970 4400 1082 4474 hodie
1107 4397 1327 4508 lorea-est),
1356 4398 1583 4504 inscriptum
1600 4399 1652 4472 ita
1679 4398 1736 4496 (O.
1758 4399 1785 4473 Ι.
1806 4399 1847 4474 L.
1869 4401 1899 4476 V
1921 4400 2057 4496 b903):

1272 4597 1303 5201 VELAGENVS

1327 4737 1358 5061 ATILIF

266 5296 407 5372 Similes
439 5297 612 5371 videntur
645 5321 724 5369 esse
759 5297 794 5369 in
826 5271 928 5369 Valle
955 5271 1111 5370 Ossolae
1142 5309 1311 5396 repertus
1345 5325 1438 5372 unus
1470 5296 1527 5394 (O.
1553 5296 1580 5370 l.
1606 5295 1647 5370 L.
1677 5296 1851 5392 Vetto)
1886 5298 2033 5394 duoque
2065 5297 2154 5369 item
2181 5295 2259 5393 agri
2286 5295 2364 5370 Du·

218 5494 225 5508 ,
263 5424 392 5498 riensis
421 5427 536 5522 <6907
564 5423 699 5519 6908),
725 5422 892 5523 inscripti
919 5436 957 5498 et
983 5425 1053 5523 ipsi
1081 5425 1169 5500 solis
1199 5427 1457 5500 defunctorum
1486 5424 1694 5499 nominibus
1721 5426 1904 5522 rudesque
1932 5425 2144 5498 admodum.
2199 5423 2257 5496 Ex
2285 5424 2365 5521 ipsa

263 5549 383 5626 Gallia
399 5552 562 5626 eiusdem
580 5551 723 5650 generis
742 5551 840 5652 cippi
860 5552 995 5626 vetusti
1014 5555 1180 5626 nondum
1199 5553 1454 5642 innotuerunt,
1476 5563 1654 5651 quantum
1675 5551 1824 5650 quidem
1842 5551 2038 5625 resciscere
2056 5551 2162 5651 potui
2181 5554 2227 5624 ab
2247 5551 2364 5624 amico

263 5705 319 5770 eo,
348 5681 411 5776 qui
437 5680 475 5753 in
496 5677 635 5754 Galliae
661 5678 777 5753 titulis
803 5679 1029 5777 conligendis
1048 5693 1248 5780 occupatus
1269 5693 1334 5758 est.
1379 5680 1450 5754 Sed
1468 5689 1594 5780 potest
1612 5679 1806 5779 conparari
1825 5679 1948 5776 aliqua
1964 5681 2107 5754 ratione
2127 5690 2251 5754 statua
2269 5676 2365 5776 Galli

262 5807 420 5882 hominis
451 5807 582 5880 armati
614 5821 760 5906 reperta
792 5809 890 5909 apud
922 5806 1087 5881 Montem
1115 5787 1300 5883 Draconis
1331 5809 1367 5881 in
1396 5808 1500 5882 Valle
1535 5809 1675 5898 clausa,
1713 5818 1861 5881 servata
1892 5808 1929 5881 in
1962 5834 2089 5883 museo
2117 5807 2372 5882 Avenionensi

261 5937 325 6034 (cf.
360 5935 399 6010 O.
428 5935 471 6009 B.
501 5935 641 6010 Smith
673 5935 897 6011 collectanea
928 5935 1141 6034 antiquaV
1173 5939 1269 6010 1858
1307 5965 1345 6036 p.
1365 5939 1410 6010 37
1447 5949 1485 6011 et
1515 5961 1620 6010 revue
1647 5933 1915 6036 archeoloqique
1946 5935 2032 6009 XVI
2065 5938 2159 6008 1867
2189 5962 2224 6035 p.
2247 5939 2293 6009 69
2315 5961 2361 6010 ss.

261 6066 335 6138 tab.
350 6062 466 6162 ΙΙΙΙΙ).
511 6063 727 6138 Recentiore
746 6075 869 6138 autem
892 6073 1024 6152 aetate,
1052 6064 1074 6140 i.
1096 6089 1125 6140 e.
1156 6064 1301 6138 saeculo
1320 6065 1395 6139 fere
1416 6063 1574 6164 septimo
1594 6038 1809 6164 posteriore,
1837 6063 1873 6136 in
1894 6063 2085 6138 Britannia
2103 6061 2246 6136 Gallica
2263 6062 2363 6162 cippi

261 6216 461 6289 crucesque
491 6192 527 6266 in
555 6192 732 6292 sepulcris
759 6192 928 6266 solebant
954 6191 1043 6290 erigi
1071 6217 1228 6290 prorsus
1257 6194 1384 6266 eadem
1412 6204 1525 6290 atque
1550 6191 1587 6265 in
1615 6191 1745 6267 insulis
1772 6191 1994 6266 Britannicis
2020 6191 2181 6281 ratione3
2217 6192 2363 6289 quade
