5258 6872
1020 1813 1556 1946 rnanrarro.

395 2225 425 2292 1.
479 2143 542 2295 In
572 2220 742 2293 omnibus
769 2220 912 2320 imperii
930 2219 1086 2294 Romani
1105 2220 1314 2319 provinciis
1342 2231 1488 2320 praeter
1516 2219 1680 2319 priorum
1710 2221 1938 2294 saeculorum
1966 2229 2205 2292 monumenta
2227 2216 2338 2290 etiam
2349 2241 2489 2292 mnsam·
2571 2291 2574 2295 .

238 2348 317 2446 aevi
350 2349 538 2422 christiani
572 2348 747 2456 reliquiae
781 2359 947 2422 servatae
982 2359 1078 2422 sunt.
1133 2348 1263 2446 ltaque
1289 2349 1423 2421 mirum
1451 2374 1538 2421 sane
1565 2349 1680 2438 foret,
1714 2329 1754 2420 si'
1772 2347 1962 2420 Britannia
1992 2346 2198 2447 provincia,
2233 2345 2336 2444 cuius
2374 2327 2464 2362 ovam

196 2515 200 2522 ·
236 2477 490 2551 condicionem
517 2504 538 2550 a
565 2477 789 2574 reliquarum
818 2476 959 2575 imperii
977 2475 1133 2550 Romani
1160 2476 1432 2575 provinciarum
1462 2502 1504 2549 ea
1531 2476 1566 2550 in
1594 2502 1634 2549 re
1661 2475 1809 2549 minime
1837 2476 2019 2550 diversam
2043 2475 2156 2548 fuisse
2179 2483 2337 2562 constat,

81 2656 87 2667 -
118 2673 123 2684 ,
211 2605 314 2692 'eius
332 2665 336 2672 .
346 2604 490 2702 generis
520 2605 769 2678 monumentis
797 2615 939 2680 careret
967 2605 1056 2678 sola.
1111 2603 1248 2676 Tamen
1279 2605 1417 2677 dudum
1446 2591 1681 2678 observatum
1709 2615 1765 2678 est
1793 2631 1814 2678 a
1844 2604 1930 2677 viris
1958 2603 2075 2678 doctis
2101 2603 2230 2675 titulos
2259 2599 2339 2674 aevi

237 2732 428 2814 christiani
462 2728 658 2830 inscriptos
693 2732 770 2806 eius
802 2733 919 2821 modi,
956 2733 1084 2828 quales
1117 2733 1308 2830 abundant
1340 2733 1374 2803 in
1403 2730 1511 2805 ltalia
1542 2741 1579 2804 et
1604 2732 1640 2805 in
1670 2730 1790 2805 Gallia
1817 2743 1855 2805 et
1881 2729 1924 2804 in‘
1947 2731 2025 2806 aliis
2053 2729 2266 2829 provincia,
2302 2729 2339 2801 in

237 2860 357 2960 patria
383 2859 615 2966 imperatoris
634 2858 867 2934 Constantini
894 2861 1043 2934 omnino
1071 2869 1238 2959 repertos
1265 2884 1344 2934 esse
1372 2860 1503 2934 nullos,
1550 2857 1603 2933 Ne
1630 2859 1745 2958 ipsius
1770 2860 1918 2958 quidem
1939 2835 2172 2934 Constantini
2196 2882 2338 2930 eorum·

238 3013 309 3086 que
343 2987 406 3084 qui
440 3000 526 3087 post
557 3013 640 3060 eum
671 2989 822 3061 fuerunt
849 2988 1113 3092 imperatorum
1141 2987 1191 3060 ibi
1219 2999 1458 3060 monumenta
1484 2998 1683 3087 supersunt
1709 2987 1835 3060 multa.
1894 2986 2049 3060 Miliaria
2076 2985 2171 3059 enirn
2199 2985 2339 3083 septem

236 3125 380 3188 tantum
410 3141 537 3190 eorum
565 3115 773 3189 nominibus
800 3117 978 3215 inscripta
1004 3126 1162 3189 aetatem
1189 3116 1370 3204 tulerunt3
1399 3127 1592 3214 praeterea
1610 3116 1781 3189 versiculi
1807 3116 1951 3212 aliquot
1975 3113 2193 3214 pavimentis
2211 3113 2338 3186 tessel-

236 3243 321 3316 latis
348 3244 476 3316 inserti
504 3243 756 3341 nonnullaque
783 3243 959 3342 inscripta
986 3229 1230 3318 instrumento
1260 3246 1359 3342 quod
1389 3243 1510 3318 dicere
1530 3243 1788 3317 consuevimus
1808 3243 2022 3332 domestico,
2051 3243 2184 3318 massis
2199 3239 2340 3341 plumbi

238 3371 464 3472 ponderibus
499 3372 669 3444 vasculis.
729 3368 878 3444 Nummi
913 3382 1043 3446 contra
1079 3371 1159 3445 aevi
1193 3349 1635 3446 Constantinianietiam
1672 3372 1708 3444 in
1744 3371 1936 3445 Britannia
1970 3371 2109 3445 inventi
2144 3382 2231 3445 sunt
2266 3349 2338 3444 non

199 3491 202 3498 ’
236 3499 355 3600 pauci.
407 3501 527 3573 Aedes
556 3500 688 3572 deinde
714 3499 944 3580 aediculasve
972 3499 1188 3572 christianas
1216 3499 1265 3572 ibi
1293 3499 1459 3573 extitisse
1487 3499 1655 3572 conditas
1682 3499 1753 3571 iam
1773 3509 1859 3572 ante
1877 3499 2105 3598 provinciam
2124 3525 2147 3605 a
2164 3496 2340 3572 Romanis

237 3617 402 3700 relictam
435 3627 654 3700 testimoniis
687 3626 909 3725 scriptorum
942 3628 1149 3724 aequalium
1183 3627 1346 3727 ipsisque
1373 3652 1498 3700 earum
1527 3626 1689 3722 reliquiis
1718 3628 1906 3725 probatur.
1962 3627 2099 3700 Tamen
2131 3625 2194 3723 qui
2223 3648 2340 3722 nuper
2391 3638 2395 3647 '

239 3755 418 3853 quidquid
452 3757 496 3836 de
529 3756 580 3828 eis
613 3754 696 3828 sciri
730 3766 858 3854 posset
890 3765 1167 3862 conposuerunt
1187 3756 1408 3854 plenissime
1436 3755 1659 3828 Arth‘urus
1685 3753 1742 3828 W.
1774 3755 1961 3830 Haddan
1988 3755 2060 3828 iarn
2088 3756 2165 3828 vita
2190 3753 2339 3826 functus

239 3894 276 3956 et
303 3881 548 3956 Guilelmus
573 3883 736 3956 Stubbs
764 3885 952 3981 professor
975 3881 1196 3956 Oxoniensis
1224 3883 1318 3956 libro
1347 3883 1539 3957 utilissimo
1569 3881 1837 3988 Counca'la'und
1861 3882 2113 3958 ecclesiast-[cul
2136 3883 2340 3954 documenta

237 4009 387 4107 relutinp
420 4023 452 4084 to
483 4009 592 4084 Greut
616 4009 761 4084 Britain
795 4011 869 4084 und
894 4010 1040 4083 Irelund
1071 4022 1138 4084 cet.
1175 4011 1305 4108 (roll
1343 3989 1480 4084 Oxonii
1509 4014 1604 4084 1869
1640 4014 1672 4084 8.
1707 4037 1742 4110 p.
1765 4013 1836 4108 37>
1870 4011 2045 4098 tredecim
2077 4035 2149 4082 non
2186 4008 2340 4109 amplius

133 4125 136 4130 ¹
239 4138 316 4212 eius
343 4139 487 4235 generis
515 4133 764 4218 aedificiorum
791 4137 1005 4239 memoriam
1034 4165 1100 4238 per
1127 4149 1243 4212 totam
1271 4138 1426 4213 insulam
1454 4133 1657 4238 potueruut
1674 4139 1904 4214 resuscitare.
1949 4129 2092 4212 Titulos
2112 4164 2201 4211 vero
2220 4139 2340 4238 sepul·

239 4266 354 4352 crales
389 4266 579 4338 hominum
616 4267 901 4340 christianorum
937 4277 1061 4364 atque
1086 4291 1239 4366 operum
1275 4267 1507 4365 publicorum
1544 4267 1818 4366 privatorumve
1855 4295 1876 4340 a
1913 4266 2121 4340 christianis
2158 4267 2341 4340 sactorum

239 4394 457 4467 honorarios
486 4393 542 4466 vel
580 4395 825 4469 dedicatorios
861 4420 1029 4492 quaeque
1062 4395 1195 4468 similia
1226 4395 1311 4468 alibi
1345 4394 1581 4468 inveniuntur
1614 4395 1699 4467 inde
1727 4422 1749 4466 a
1776 4395 1924 4468 saeculo
1952 4395 2028 4467 sere
2057 4406 2191 4492 quarto
2219 4393 2340 4466 medio
2378 4369 2381 4376 ¹

240 4521 370 4596 litteris
404 4523 578 4594 mandata
610 4522 748 4594 frustra
781 4523 816 4595 in
849 4522 1041 4596 Britannia
1073 4523 1308 4620 quaesiveris.
1363 4525 1532 4628 Atvvero
1567 4522 1617 4595 ibi
1650 4533 1814 4621 quoque,
1849 4534 1890 4595 ut
1921 4522 1957 4595 in
1986 4521 2165 4622 Hispania
2195 4519 2339 4610 accidit,

240 4649 424 4748 peculiare
460 4651 645 4746 quoddam
675 4660 998 4723 monumentorum
1026 4675 1141 4748 genus
1169 4649 1354 4724 inlocum
1384 4651 1575 4724 titulorum
1604 4651 1752 4724 illorum
1779 4650 1899 4724 cessit.
1953 4648 1994 4722 In
2023 4651 2074 4724 eis
2102 4651 2198 4725 enim
2225 4648 2353 4749 potis··

241 4776 372 4850 simum
405 4777 544 4851 insulae
577 4777 806 4874 regionibus,
840 4777 876 4848 in
911 4778 1044 4876 quibus
1072 4779 1220 4852 labante
1248 4780 1320 4852 iam
1348 4790 1533 4878 potestate
1561 4777 1812 4874 Romanorum
1837 4789 1924 4878 post
1951 4779 2192 4852 barbarorum
2219 4777 2340 4850 incur·
2436 4853 2440 4862 ,

241 4904 363 4978 sioues
392 4903 475 4978 o'um
503 4905 576 4979 fide
604 4887 805 4978 christiana
831 4906 940 4978 etiam
970 4908 1147 5012 sermonis
1170 4906 1292 4981 Latini
1322 4933 1407 4980 usus
1436 4917 1602 4980 servatus
1631 4918 1698 4998 est,
1726 4917 1872 5006 reperta
1899 4916 1984 4980 sunt
2007 4917 2245 4979 monumenta
2266 4915 2341 4977 non

242 5057 361 5131 pauca
395 5033 612 5132 sepulcralia
648 5033 843 5106 maximam
878 5045 1040 5133 partem,
1079 5059 1172 5133 quae
1201 5059 1291 5108 oum
1327 5022 1374 5107 ab'
1408 5034 1597 5108 Romanae
1631 5035 1762 5108 aetatis
1796 5034 1913 5108 titulis
1950 5034 2156 5109 christianis
2192 5031 2341 5106 omnino

242 5161 387 5234 diversa
406 5162 491 5251 sint,
512 5162 548 5234 in
568 5161 734 5263 syllogen
756 5161 1035 5260 inscriptionum
1055 5157 1277 5235 Britanniae
1285 5160 1511 5253 Latinarum,
1535 5189 1646 5262 quam
1665 5162 1860 5263 septimum
1880 5162 2044 5262 corporis
2062 5161 2341 5260 inscriptionum

241 5286 455 5362 Latinarum
482 5289 727 5363 Berolinensis
755 5289 926 5364 volumen
960 5289 1127 5362 continet
1159 5317 1180 5364 a
1212 5315 1271 5363 me
1304 5290 1444 5365 editum
1477 5290 1630 5365 consilio
1664 5303 1702 5364 et
1734 5277 1957 5364 auctoritate·
1987 5289 2195 5363 academiae
2221 5287 2343 5388 regiae

241 5415 460 5489 Borussicae
488 5443 519 5514 a
540 5415 876 5525 MDCOCLXXIII,
906 5417 1020 5516 recipi
1047 5443 1119 5490 non
1149 5430 1368 5516 potuerunt3
1392 5430 1440 5492 ut
1467 5418 1516 5492 ibi
1543 5419 1671 5492 monui
1698 5418 1772 5514 suis
1799 5418 1890 5492 locis
1919 5419 1973 5516 (p.
1998 5419 2134 5490 13.44.
2159 5419 2257 5514 186).
2367 5485 2370 5490 ,

395 5541 526 5640 Itaque
551 5544 688 5619 invitus
717 5571 815 5633 sane,
845 5547 909 5618 sed
939 5547 1199 5644 obtemperans
1227 5547 1349 5620 sensui
1377 5545 1522 5620 cuidam
1551 5545 1664 5620 officii
1691 5574 1712 5620 a
1737 5571 1777 5618 re
1805 5547 1884 5645 ipsa
1907 5545 1997 5618 mihi
2021 5545 2172 5644 inpositi
2189 5545 2225 5617 in
2246 5546 2351 5619 hunc¹

243 5696 420 5770 campum·
444 5671 615 5744 descendi
641 5673 913 5748 tenebricosum
940 5685 1052 5770 atque
1079 5672 1285 5772 philologo,
1322 5674 1385 5773 qui
1411 5675 1448 5746 in
1476 5675 1683 5748 litterarum
1711 5673 1946 5770 antiquarum
1972 5672 2072 5747 clara
2098 5673 2179 5746 luce
2204 5673 2345 5746 versari

243 5777 370 5888 soleat,
395 5793 516 5897 'paene
544 5799 723 5896 ignotum.
774 5798 1017 5899 Nequevero
1045 5810 1182 5875 temere
1210 5803 1388 5879 hocfeci.
1434 5800 1527 5875 Nam
1556 5776 1756 5902 postquam
1783 5801 1950 5900 syllogen
1977 5785 2169 5875 titulorum
2197 5801 2343 5874 Britan-

244 5926 409 6000 nioorum
436 5926 612 6001 maiorem
641 5927 795 6016 absolvi,
824 5928 971 6026 speravi
998 5927 1078 6003 fore
1107 5941 1154 6002 ut·
1175 5929 1236 6002 alii
1263 5929 1463 6004 existerent
1490 5930 1526 6002 in
1555 5930 1636 6030 ipsa
1653 5929 1845 6003 Britannia
1871 5929 2046 6004 homines
2064 5929 2195 6002 harum
2221 5953 2351 6018 rerum

244 6054 359 6150 gnari,
387 6055 452 6152 qui
478 6055 568 6128 mihi
595 6055 758 6155 syllogus
784 6055 893 6130 huius
921 6037 1142 6131 christianae
1161 6059 1324 6132 edendae
1344 6058 1462 6164 otium
1481 6058 1616 6133 facturi
1637 6057 1720 6131 sint.
1763 6055 1865 6147 Quae
1885 6083 1969 6156 spes
1988 6069 2187 6155 postquam
2204 6055 2345 6146 fefellit,
2395 6073 2397 6078 ’

243 6192 323 6255 tum
350 6183 498 6257 demum
526 6209 620 6282 opus
648 6183 719 6256 hoc
747 6207 941 6282 aggressus
969 6210 1048 6260 sum
1077 6197 1189 6282 atque
1217 6187 1264 6260 ad
1290 6186 1402 6260 finem
1429 6185 1598 6286 perduxi.
1646 6185 1770 6285 Turpe
1797 6184 1895 6259 enim
1921 6184 2166 6283 foroputavi,
2194 6183 2225 6256 si
2250 6184 2346 6256 hanc

506 6329 509 6334 ’
1999 6325 2017 6364 8
