5258 6872
1332 468 1419 543 XVI

478 669 631 745 Bledrns
657 671 794 746 Forcns
822 663 958 748 Gorens
984 671 1158 770 *Garples
1787 764 1790 770 Ι
2270 715 2271 720 “

479 799 587 873 Abest
616 799 779 873 Dom'ert'
802 797 942 900 Grpffyt
971 798 1172 898 Gnoryoret
1201 798 1371 874 Gurhr'ret
1403 799 1536 874 Hooelt
1566 827 1595 872 s.
1623 799 1780 874 Hooeint
1815 799 1939 873 Iuoert
1973 799 2055 873 lltet
2087 798 2267 898 *Ipevoret
2300 796 2428 872 Leniat

530 927 703 1001 *Pascent
727 926 870 1001 *Szhut't
1125 939 1131 948 “
1375 906 1377 910 ¹

478 1054 693 1152 Marpetcud

476 1163 651 1280 Braneus
675 1183 798 1258 Odeleo
870 1175 874 1181 ’
942 1199 947 1208 ”

480 1309 663 1384 Iutlmlrelo
689 1311 852 1386 Nertido·

479 1437 627 1512 Alhortu
654 1439 784 1512 Artbea
814 1440 905 1515 Floo

478 1566 618 1665 Eccltey

481 1686 635 1767 Guttae
877 1759 879 1762 .

480 1819 637 1895 Gerortln'
662 1821 778 1896 Garsi
801 1821 984 1921 *Sefra'la'
1075 1811 1079 1820 ⁸

327 2074 612 2150 Observationes
648 2075 757 2148 hasce
795 2078 824 2150 si
859 2077 1208 2176 conprehendimus,
1249 2077 1338 2149 illud
1371 2080 1543 2176 adparet,
1580 2107 1601 2152 a
1637 2092 1783 2154 vetusta
1816 2081 1975 2178 quadam
2010 2077 2296 2166 consuetudine,
2333 2099 2427 2174 quae

326 2202 395 2275 illis
422 2202 631 2275 Britanniae
662 2185 874 2300 regionibus
907 2204 1100 2310 peculiaris
1134 2213 1213 2276 erat
1245 2229 1311 2278 nec
1342 2217 1465 2290 tamen
1502 2207 1659 2279 multum
1691 2207 1914 2280 abhorrebat
1945 2233 1977 2282 a¹
1997 2205 2165 2278 Romano
2200 2228 2301 2277 more
2327 2201 2427 2276 Lati-

326 2355 467 2427 naeque
493 2309 640 2426 linguae
666 2317 844 2428 legibus,
862 2333 1054 2430 paullatim
1082 2333 1359 2430 degeneravisse
1387 2329 1578 2406 nominum
1605 2334 1722 2408 titulis
1748 2335 2069 2407 inscribendorum
2095 2332 2288 2405 rationem.
2338 2329 2428 2403 Sola

326 2469 449 2530 autem
478 2458 667 2530 nominum
695 2459 789 2532 ratio
818 2485 901 2532 non
921 2460 1056 2533 sufficit
1083 2461 1129 2532 ad
1157 2460 1333 2558 temporis
1361 2461 1571 2534 discrimina
1599 2463 1816 2535 definienda.
1858 2433 1862 2444 .

177 2731 325 2780 11111111
486 2717 520 2786 9.
566 2713 624 2786 Ex
651 2714 892 2786 formularum
920 2687 988 2788 usb
1017 2715 1169 2788 diversis
1197 2717 1425 2814 temporibus
1453 2717 1679 2817 diversisque
1706 2717 1918 2814 regionibus
1938 2716 2039 2789 vario
2067 2741 2140 2788 non
2167 2715 2203 2786 in
2225 2711 2431 2788 christianis

307 2853 469 2913 tantum
496 2839 623 2930 titulis,
652 2843 714 2914 sed
745 2842 854 2913 etiam
880 2841 916 2914 in
945 2843 1109 2941 paganis,
1138 2843 1370 2942 disciplinam
1398 2845 1670 2944 epigraphioam
1700 2871 1774 2917 non
1802 2871 1886 2917 raro
1913 2843 2126 2942 testimonia
2153 2841 2305 2940 originis
2332 2850 2431 2913 aeta-

325 2970 446 3066 tisque
474 2980 574 3043 certa
601 2941 792 3042 derivasse
811 2981 941 3042 notum
969 2983 1035 3043 est.
1077 2969 1190 3044 Tituli
1210 2971 1412 3044 Britannici
1440 2973 1627 3046 christiani
1653 2975 1844 3072 paene·ad
1872 2998 1983 3044 unum
2013 2996 2141 3045 omnes
2166 2969 2303 3042 dixeris
2322 2993 2431 3040 unam

249 3095 254 3106 '
325 3108 470 3169 tantum
502 3081 635 3170 habere
669 3097 865 3170 formulam
893 3097 1125 3187 sollemnem,
1160 3097 1256 3196 quae
1284 3111 1341 3184 est
1366 3098 1425 3172 ln'c
1452 3099 1575 3190 iucct3.
1595 3113 1636 3174 ut
1662 3085 1892 3174 demonstrat
1918 3073 2031 3172 index
2050 3097 2103 3170 IX
2129 3099 2187 3197 (p.
2207 3097 2285 3192 96).
2341 3094 2432 3166 Ver-

326 3226 412 3298 bum
440 3225 477 3296 in
504 3225 621 3298 titulis
640 3205 903 3298 vetustioribus
931 3225 1116 3323 plerisque
1142 3225 1195 3298 ita
1220 3226 1381 3300 flectitur
1408 3229 1544 3302 rustice
1570 3227 1672 3318 iocr't3
1702 3254 1775 3301 uno
1805 3230 1901 3303 enim
1929 3237 2085 3325 excepto
2113 3228 2165 3322 (n.
2189 3226 2277 3320 146)
2301 3221 2434 3320 reliqui

327 3379 470 3442 omnes,
509 3378 601 3451 quos
637 3351 731 3426 iacet
763 3353 899 3426 habere
931 3354 1044 3426 index
1077 3355 1203 3442 docet,
1240 3366 1304 3427 aut
1334 3355 1496 3429 incertae
1528 3356 1698 3430 lectionis
1731 3368 1817 3430 sunt
1851 3367 1916 3429 aut
1946 3365 2123 3428 recentes.
2176 3353 2218 3426 In
2253 3350 2310 3424 ln'c
2345 3376 2432 3448 pro-

326 3481 473 3583 nomine
507 3481 682 3580 aspiratio
722 3481 905 3554 omittitur
940 3507 1012 3554 non
1049 3481 1312 3579 infrequenter.
1377 3483 1475 3556 Raro
1517 3486 1705 3557 adduntur
1739 3483 1779 3556 io
1813 3481 1880 3556 boc
1916 3483 2049 3556 tremulo
2083 3482 2141 3555 vel
2177 3481 2326 3570 similia,
2368 3488 2435 3550 aut

326 3610 497 3707 sepultam
532 3609 719 3682 interdum
745 3607 834 3685 c'ccit
859 3609 978 3681 solum
1005 3609 1167 3708 positum
1195 3620 1261 3682 est.
1318 3609 1420 3700 Quae
1447 3610 1534 3684 alibi
1560 3614 1772 3710 frequentes
1801 3622 1888 3685 sunt
1914 3611 1951 3683 in
1980 3609 2096 3683 titulis
2124 3586 2339 3682 christianis·
2359 3607 2433 3680 for·

328 3737 463 3826 mulae,
499 3737 613 3810 veluti
646 3735 820 3834 requievit
853 3747 890 3809 et
921 3735 1110 3833 requiescit
1140 3736 1179 3808 r'a
1208 3762 1299 3834 poce
1333 3748 1371 3811 et
1407 3739 1559 3828 similes,
1595 3765 1659 3812 eae
1693 3766 1715 3811 a
1748 3739 2012 3813 vetustioribus
2044 3737 2264 3810 Britannicis
2299 3735 2435 3808 absunt

327 3865 600 3972 omninop(uno
633 3866 791 3938 fortasse
822 3869 897 3937 nl
929 3875 1101 3962 except03
1136 3865 1189 3937 11.Ὶ
1217 3866 1385 3962 n.151);
1421 3865 1531 3940 semel
1564 3879 1755 3967 praeterea
1781 3866 1936 3964 rapace
1962 3868 2009 3939 ad
2037 3864 2094 3938 tic
2119 3863 2160 3936 a'n
2188 3864 2319 3936 tumulo
2346 3859 2436 3934 iacit

326 3993 468 4066 accedit
494 3989 848 4090 (11.125)“.1Νο111111
876 3992 1008 4066 deinde
1035 3973 1198 4089 dignum,
1228 3995 1327 4089 quod
1355 3994 1467 4068 semel
1493 4009 1639 4095 praeter
1666 3995 1798 4068 tumuli
1824 3995 1897 4068 loci
1923 3993 2083 4093 sepulcri
2101 3991 2327 4066 mentionem
2349 4013 2433 4063 con-

323 4119 438 4216 geries
465 4119 624 4218 lapidum
651 4122 862 4194 nominatur
894 4121 946 4218 (n.
972 4121 1072 4215 136).
1126 4118 1300 4193 Similiter
1328 4121 1425 4194 vitae
1452 4123 1538 4195 anni
1570 4122 1753 4220 (exceptis
1782 4124 1912 4195 eodem
1940 4149 1974 4194 n.
1997 4125 2016 4193 7
2048 4132 2085 4194 et
2112 4117 2433 4220 n.125),vcondi-

328 4249 452 4322 ciones
479 4249 749 4338 defunctorum,
779 4261 818 4321 ut
846 4275 958 4348 supra
984 4249 1057 4321 iam
1085 4247 1222 4336 m'onui,
1251 4249 1440 4322 adduntur
1466 4276 1584 4348 paene
1611 4269 1805 4348 nusquam.
1846 4249 1945 4338 Quas
1973 4249 2060 4322 alibi
2085 4249 2288 4348 reperimus
2316 4244 2433 4319 homi-

298 4447 305 4456 ,
328 4403 416 4450 num
444 4377 727 4450 christianorum
754 4375 1081 4466 denominationes
1111 4375 1225 4448 veluti
1243 4377 1411 4473 famulus
1432 4374 1567 4451 Cirrha·
1591 4389 1628 4450 et
1655 4377 1800 4466 similes,
1829 4403 1893 4451 eae
1921 4402 2069 4475 quoque
2088 4376 2146 4449 hic
2166 4375 2432 4462 desiderantur,

329 4507 358 4579 si
386 4506 575 4603 exceperis
602 4505 750 4578 titulum
779 4531 891 4577 unum
919 4505 972 4601 (n.
997 4506 1102 4599 121),
1135 4504 1172 4575 in
1202 4531 1275 4602 quo
1304 4516 1435 4578 extant
1460 4506 1551 4580 haec
1579 4504 1684 4578 bomo
1710 4479 1928 4578 Ι111111111111111
1946 4503 2041 4600 snit,
2070 4504 2301 4598 alterumque
2329 4499 2433 4573 Cale-

329 4634 520 4721 donicum,
561 4634 624 4732 qui
659 4647 803 4706 sanctos
837 4645 871 4706 et
899 4631 1116 4731 proecrpzros
1151 4633 1348 4705 sacerdotes
1382 4645 1563 4706 memorat
1597 4635 1651 4730 (n.
1678 4634 1780 4729 205).
1841 4633 1956 4706 Unius
1993 4631 2224 4728 mepisnotus
2257 4627 2435 4720 memoria

329 4774 497 4860 superest
524 4764 576 4858 (n.
601 4763 707 4857 135),
743 4762 806 4858 qui
841 4761 986 4835 cuinam
1018 4743 1071 4833 rei
1103 4752 1284 4858 publicae
1305 4761 1525 4860 adscriptus
1546 4761 1658 4840 fuerit
1691 4787 1845 4859 prorsus
1877 4761 2084 4858 ignoratum
2115 4746 2308 4858 praeterea
2330 4753 2439 4852 fubri

332 4891 438 4964 unius
464 4890 517 4986 (n.
539 4891 605 4987 25)
634 4900 671 4963 et
697 4890 854 4962 fortasse
880 4889 1011 4962 medici
1035 4890 1086 4986 (n.
1112 4863 1217 4986 142),
1251 4889 1320 4962 nisi
1346 4889 1425 4972 hoc
1445 4913 1576 4962 nomen
1605 4889 1796 4988 proprium
1824 4899 1890 4965 est.
1945 4887 2062 4976 Quam
2091 4912 2175 4959 raro
2204 4883 2436 4982 cognationis

330 5019 466 5116 gradus
502 5028 672 5116 (praeter
705 5017 792 5113 filii)
826 5029 1077 5092 memorentur
1110 5018 1250 5090 indicat
1283 5017 1395 5090 index
1415 5016 1466 5090 Vl
1498 5018 1551 5116 (p.
1573 5018 1649 5112 94).
1704 5016 1819 5089 Tituli
1851 5043 1924 5088 non
1957 5015 2080 5105 multi,
2116 5014 2180 5112 qui
2211 5001 2435 5111 sepulcrales

331 5172 404 5219 non
440 5157 541 5236 sunt,
574 5171 659 5218 raro
693 5146 782 5219 item
814 5147 992 5220 formulas
1021 5146 1195 5219 exhibent
1221 5144 1308 5218 alibi
1335 5144 1552 5235 consolitas,
1589 5145 1705 5217 veluti
1736 5142 1910 5218 dedicatio
1940 5141 2105 5216 basilicae
2132 5142 2183 5236 (n.
2210 5141 2314 5235 198),
2350 5163 2435 5211 con-

331 5285 473 5346 secrato
499 5272 723 5347 estecclesr'a
750 5275 930 5371 (11.178);
966 5284 1158 5374 practerea
1190 5284 1267 5345 tam
1300 5273 1337 5352 in
1371 5271 1428 5346 his
1462 5298 1572 5370 qnam
1599 5272 1637 5345 in
1666 5270 1933 5371 sepulcralibus
1962 5269 2077 5344 doadi
2091 5265 2259 5366 faciendi
2278 5265 2440 5365 ponendi

199 5413 202 5420 '
332 5399 548 5498 aedificandi
579 5399 740 5499 erigendi
769 5401 844 5497 (vel
880 5401 1071 5499 serpendi)
1108 5399 1288 5474 vocabula
1319 5399 1505 5472 interdum
1540 5401 1773 5476 adhibentur.
1815 5398 2098 5478 .Recentiorum
2131 5399 2208 5470 fere
2241 5396 2436 5469 titulorum

331 5530 481 5629 propria
516 5539 572 5602 est
598 5527 740 5602 carinae
767 5529 929 5606 defuncti
957 5529 1111 5618 mentio,
1148 5554 1217 5627 pro
1246 5553 1319 5624 qua
1346 5552 1451 5624 orare
1477 5528 1535 5601 vel
1562 5527 1700 5623 10911111Ι
1717 5528 1890 5601 iubentur
1918 5526 1982 5625 qui
2007 5526 2175 5625 legerint.
2229 5524 2269 5596 ln
2298 5498 2435 5596 eisdem

332 5786 449 5858 larum
477 5785 593 5858 veluti
624 5783 663 5856 r'n
688 5783 831 5857 nomine
858 5783 917 5857 der·
947 5795 984 5857 et
1015 5784 1187 5857 similium
1223 5810 1309 5858 usus
1343 5786 1571 5859 observatur.
1626 5783 1923 5857 Adclamationes
1953 5783 2189 5872 christianae,
2223 5769 2338 5852 veluti
2359 5804 2438 5878 poa

332 5913 529 6003 roliacum,
564 5912 664 5985 ciros
690 5912 729 5984 r'a
757 5913 820 5986 deo
847 5939 931 5986 raro
965 5922 1002 5985 et
1029 5913 1064 5984 in
1094 5911 1330 6010 supellectilis
1356 5912 1433 5984 fere
1459 5910 1577 5984 titulis
1604 5921 1749 5983 tantum
1776 5911 2019 6010 reperiuntur.
2076 5909 2170 5982 Sunt
2196 5919 2318 5980 autem
2345 5907 2437 5981 haec

333 6040 456 6114 omnia
483 6055 651 6138 quaeque
678 6051 869 6140 praeterea
896 6040 1054 6140 proferri
1080 6050 1239 6138 possunt
1265 6039 1389 6139 paullo
1417 6039 1657 6112 insolentiora
1683 6040 1743 6136 (ut
1768 6037 1911 6136 signum
1938 6036 2057 6112 ’crescas
2072 6035 2158 6134 fixi,
2188 6038 2287 6132 quod
2316 6035 2438 6109 dicere

333 6170 449 6242 voluit
465 6165 506 6242 ¹is
536 6169 600 6268 qui
626 6169 773 6268 scripsit
798 6169 946 6240 titulum
974 6195 1009 6240 n.
1031 6169 1097 6264 94)
1124 6178 1201 6242 tam
1228 6193 1312 6240 raro
1341 6178 1490 6265 tamque
1518 6193 1592 6274 non
1622 6178 1834 6240 constanter
1861 6175 2049 6264 usurpata,
2079 6162 2438 6238 111111110111111Β1ἰ-

2592 5459 2594 5504 1

331 5657 597 5731 recentioribus
624 5657 741 5730 titulis
763 5655 1016 5755 praeparandi
1042 5656 1260 5730 vocabulum
1289 5655 1382 5744 sive,
1413 5667 1453 5728 ut
1481 5655 1654 5730 scribitur
1681 5656 1848 5750 barbare,
1876 5649 2109 5754 properandi,
2139 5653 2269 5725 deinde
2296 5653 2437 5724 formu·

2592 6759 2594 6815 l
