5258 6872
1200 416 1203 424 ¹
1307 474 1440 547 nn·

448 678 489 751 In
520 677 731 777 regionibus
765 679 1001 776 quibusdam,
1034 703 1126 775 quas
1154 676 1313 753 Celticae
1345 677 1496 776 originis
1528 690 1656 777 gentes
1683 676 1959 767 habitaverunt,
1993 676 2108 750 veluti
2133 676 2170 750 in
2198 674 2392 749 Lusitania

293 816 331 879 et
358 803 558 895 Gallaecia,
592 801 734 881 Graeco
768 805 844 880 fere
879 831 982 880 more
1002 804 1105 902 filins
1139 807 1359 880 vocabulum
1395 806 1544 880 omnino
1578 805 1716 896 omitti,
1751 804 1867 904 patris
1903 805 2073 903 genetivo
2108 830 2203 904 puro
2235 803 2391 878 indicari

294 944 519 1007 notum-est.
574 931 662 1008 Eius
689 932 965 1009 consuetudinis
992 933 1102 1008 etiam
1128 935 1165 1007 in
1193 933 1385 1007 Britannia
1411 934 1582 1007 videntur
1608 932 1699 1008 haec
1726 943 1852 1007 extare
1879 932 2062 1032 exempla:

1056 1140 1174 1216 *Anti
1197 1140 1408 1215 Norornern'
1431 1170 1466 1215 n.
1491 1144 1562 1215 164

1056 1268 1212 1342 Artrnali
1235 1267 1395 1342 *Tecnnr'
1419 1269 1522 1342 nou
1664 1333 1668 1342 .

931 1441 937 1452 ·
1059 1393 1218 1472 Caelesti
1239 1395 1473 1494 Monadorign'
1497 1399 1626 1470 11128

865 1619 871 1630 ¹
1016 1498 1215 1599 'nonan
1238 1523 1416 1598 nauata
1439 1527 1569 1597 nno

888 1733 890 1738 Ι
993 1681 1004 1719 s
1056 1651 1286 1726 *Dicnddoci
1310 1649 1512 1727 Condinoci
1535 1678 1570 1724 n.
1592 1654 1639 1723 29

1055 1778 1231 1852 Iohannis
1256 1778 1433 1853 Morida'cz'
1456 1806 1492 1851 n.
1515 1783 1564 1852 44

1057 1905 1255 1980 Sunnnr'lini
1281 1905 1449 1980 Tovnaci
1472 1933 1506 1979 n.
1532 1909 1601 1979 159

1056 2032 1226 2108 Wtuliani
1249 2033 1413 2107 Emereto
1440 2061 1475 2106 n.
1501 2036 1570 2107 102

251 2223 253 2229 ¹
291 2240 447 2318 Caetera·
477 2244 667 2342 genetivus
703 2254 758 2318 est
792 2242 928 2318 rustice
962 2243 1015 2316 ita
1046 2270 1115 2342 pro
1145 2240 1311 2318 Caelestis
1343 2242 1514 2340 scriptus.
1568 2211 1731 2316 Emerato
1765 2245 1920 2318 barbare
1952 2271 2020 2344 pro
2047 2243 2202 2319 Emeritz'
2223 2245 2388 2345 positum

289 2371 445 2448 videtur.

443 2497 575 2572 Rarius
601 2499 639 2572 in
666 2499 738 2575 hoc
765 2523 913 2596 quoque
940 2497 1069 2572 ordine
1097 2497 1261 2572 defuncti
1287 2522 1421 2571 nornen
1451 2496 1677 2571 nominativo
1705 2466 1826 2589 datur,
1855 2499 1975 2573 utin:

1053 2704 1189 2779 Macco
1214 2703 1362 2779 Dercen‘
1386 2732 1420 2778 n.
1444 2710 1517 2778 154

1054 2831 1235 2906 *Oburrus
1263 2829 1425 2907 Conbnrr
1450 2860 1486 2905 n.
1511 2835 1580 2905 152

1056 2957 1375 3034 Tin..us.Cunin'
1397 2987 1432 3032 n.
1454 2965 1502 3033 54
1618 2991 1620 2996 ¹

255 3199 262 3210 ·
289 3166 399 3242 Nulla
424 3166 482 3241 vel
507 3167 649 3241 incerta
673 3165 843 3266 flexionis
869 3165 1025 3276 vestigia
1051 3166 1142 3240 haec
1169 3165 1325 3239 habent:
1380 3225 1384 3234 .

1053 3372 1222 3447 *Adora
1248 3373 1458 3448 Sennetioco
1488 3402 1524 3448 ιι.
1548 3378 1617 3448 146

1016 3609 1020 3618 Ι
1051 3499 1236 3574 Brumae
1259 3500 1351 3574 Flon
1379 3529 1413 3575 n.
1434 3506 1483 3574 40

913 3730 918 3744 υ
1054 3627 1171 3702 *Mad
1194 3627 1336 3702 Domnc
1352 3685 1385 3702 ..
1414 3656 1450 3702 n.
1470 3632 1516 3702 93

208 3899 210 3904 .
287 3838 423 3913 Incerti
450 3862 611 3912 unumne
637 3864 684 3912 an
713 3839 796 3914 duo¹
815 3837 964 3911 nomina
990 3837 1197 3914 indicentur
1224 3837 1417 3912 haeremus
1442 3838 1479 3911 in
1507 3837 1622 3920 hisce:
1661 3837 1666 3846 '
1705 3915 1707 3922 ,

894 4041 1163 4142 Cavoseniuryn'
1187 4058 1251 4119 aut
1279 4043 1375 4121 Cano
1403 4045 1589 4145 Senrorqn'
1613 4074 1647 4121 n.
1673 4049 1742 4120 133

890 4169 1087 4247 *Genlnr'ni
1111 4228 1221 4246 .....
1251 4200 1286 4246 n.
1310 4178 1395 4260 118,

865 4298 1192 4386 ,’1)αἰιιο(1ιιειιθ[υι’
1213 4311 1278 4374 aut
1303 4299 1423 4375 Doluc
1449 4300 1626 4375 Drurwlvz'
1649 4329 1685 4374 n.
1707 4305 1777 4375 119

287 4492 393 4566 Adde
411 4491 509 4566 'hocz

665 4667 860 4745 Conbellini
876 4667 1020 4768 possuit
1044 4666 1139 4741 hunc
1171 4693 1313 4742 mncern
1334 4695 1404 4767 pro
1433 4667 1555 4742 aricino
1582 4668 1659 4742 eins
1685 4667 1876 4744 Scitlivusi
1900 4698 1934 4746 n.
1957 4674 2003 4745 67

439 4879 521 4954 Non
550 4881 683 4954 desunt
710 4879 885 4977 denique,
920 4903 1132 4976 quanquam
1158 4877 1301 4950 rariora
1328 4888 1415 4950 sunt
1441 4889 1478 4950 et
1504 4878 1541 4950 in
1569 4879 1834 4954 recentioribus
1861 4880 1938 4954 fera
1964 4879 2089 4970 obvia,
2123 4881 2391 4957 defunctorum·

285 5007 435 5082 nomina
470 5006 657 5107 simplicia.
683 5018 749 5081 aut
779 5005 949 5105 genetivo
984 5031 1071 5080 casu
1105 5005 1226 5103 posita
1258 5016 1323 5078 aut
1354 5005 1598 5095 nominatim,
1637 5032 1732 5104 quae
1765 5007 1854 5081 satis
1888 5018 1945 5080 est
1980 4985 2220 5108 conposuisse
2254 5010 2291 5083 in
2325 5011 2379 5084 in-

285 5135 366 5211 dice
383 5134 452 5210 Vll
479 5136 532 5235 (p.
553 5136 629 5231 94).
683 5133 725 5208 ln
751 5133 903 5231 reliquis
929 5156 1017 5206 vero
1046 5133 1232 5236 omnibus,
1268 5133 1328 5206 ubi
1356 5135 1430 5206 duo
1458 5133 1608 5208 omnino
1636 5134 1784 5208 nomina
1810 5135 1890 5210 sola
1916 5135 2176 5228 exhibeantur,
2204 5137 2270 5211 filii
2297 5164 2383 5213 cum

284 5264 401 5364 patris
427 5262 581 5357 indicari¹
608 5261 751 5336 certuni
776 5272 843 5335 est.
1243 5359 1250 5370 ὓ

438 5393 545 5465 Adde
572 5388 742 5489 exempla
767 5390 858 5463 haec
885 5387 1059 5477 solitaria,
1086 5387 1124 5460 in
1152 5386 1286 5484 quibus
1308 5400 1414 5486 poter
1439 5389 1668 5463 nominatur:

642 5623 712 5671 unc
739 5621 881 5671 crucem
906 5593 1055 5668 *Hovelt
1071 5594 1284 5694 properabit
1300 5621 1371 5694 pro
1399 5597 1524 5671 dirimo
1550 5596 1642 5671 *Res
1662 5609 1787 5696 putres
1813 5599 1888 5672 eius
1916 5627 1951 5673 n.
1974 5602 2018 5673 63

226 5786 323 5848 'et

911 5942 1091 6021 Centaurus
1113 5957 1217 6044 poter
1243 5945 1419 6020 Paulinus
1446 5974 1480 6019 n.
1505 5951 1549 6018 77
1659 6001 1661 6006 -

284 6117 346 6233 ubi
372 6159 466 6232 altar
492 6170 574 6232 uter
601 6168 700 6234 certe
727 6156 974 6231 nominativus
1002 6182 1070 6255 pro
1098 6156 1269 6255 genetivo
1295 6155 1562 6253 intellegendus
1589 6169 1655 6230 est.
