5242 6862
1243 450 1457 562 47²

218 693 285 753 134
308 693 724 773 Llansllrcnpel-p-Traetdau
747 695 793 769 (S,
810 695 938 755 Miclael
959 697 993 770 of
1011 696 1055 753 tlte
1077 694 1237 771 eumacius),
1261 696 1507 766 Merionetlsiire,
1530 696 1561 753 in
1584 714 1638 753 ora
1660 697 1819 767 maritima,
1841 696 1960 754 circiter
1982 715 2020 754 m.
2037 697 2100 773 p.,4
2124 696 2161 753 ab
2182 696 2322 766 Harlecl,

259 797 290 853 in
318 797 411 854 muris
439 798 584 856 ecclesiae
611 817 706 874 nuper
731 797 811 872 lupis
836 807 973 876 repertus
1000 807 1047 855 est
1068 797 1165 862 formo
1187 797 1363 872 triangulari
1385 797 1493 874 longus
1517 798 1575 874 dig.
1599 798 1717 856 circiter
1739 797 1787 855 22.
1831 797 1999 874 Inscriptue
2022 806 2069 854 est
2091 797 2238 873 utrimque
2260 809 2321 854 tarn
2392 825 2398 836 ·

167 971 170 976 Ι
259 897 290 954 in
316 897 439 976 fastigio
466 917 556 973 quarn
578 899 683 956 infru·
709 897 770 972 Qui
792 899 830 956 ab
852 898 947 957 altero
961 906 1053 974 parte
1075 886 1181 956 extout
1202 898 1282 956 tituli
1305 899 1411 955 novicii
1435 907 1505 956 suut
1526 899 1556 957 hi
1576 894 1659 979 ‘illut
1678 900 1712 957 16
1733 901 1742 957 l
1763 894 1850 957 1679’
1873 905 1902 956 et
1924 899 2027 975 lingue
2048 896 2167 976 Gallica
2189 898 2321 973 (Welelr)

261 998 335 1057 elter
356 998 436 1058 lectu
457 978 597 1071 difficilis,
620 1000 672 1058 sed
695 999 725 1057 iu
747 1000 821 1057 hoec
842 1001 990 1058 vocabula
1012 999 1154 1058 desinens
1175 996 1245 1076 ‘wgo'
1261 1018 1349 1058 mewn
1369 994 1518 1058 leeddruclr’
1539 1000 1574 1074 (i.
1590 1019 1614 1058 e.
1639 1019 1705 1059 sum
1729 1001 1760 1057 in
1782 1000 1878 1074 pace).
1923 1001 1972 1058 Ab
1994 1001 2090 1057 alters
2110 1011 2195 1076 purte
2216 1007 2321 1058 extant

261 1099 337 1160 tituli
359 1099 475 1160 Latini·
488 1101 563 1172 duo,
589 1102 620 1159 in
645 1101 767 1176 fastigio
789 1101 931 1176 angulato
953 1101 1028 1159 alter
1050 1099 1114 1177 (a),
1143 1080 1229 1159 cuius
1251 1119 1358 1160 versus
1380 1100 1440 1158 duo
1462 1101 1576 1177 priores
1598 1101 1655 1159 visi
1679 1111 1748 1160 sunt
1770 1101 1880 1160 inducti
1903 1119 1970 1160 esse
1993 1101 2148 1172 consulto,
2176 1101 2252 1160 alter
2274 1083 2319 1176 (b)

259 1200 346 1260 infre„
390 1199 530 1261 Litterae
545 1203 736 1282 neglegenter
758 1203 870 1260 incisae
893 1202 982 1260 hodie
1004 1203 1163 1261 admodum
1186 1202 1330 1261 evanidae
1354 1212 1430 1260 sunt.
1873 1200 1880 1210 '

983 1451 1003 1488 a

1153 1411 1220 1489 Μ.

1099 1532 1252 1589 ΙΜΡ

1119 1687 1220 1729 uonvs

1143 1789 1199 1830 nen

1019 1895 1030 1932 u
1074 1889 1265 1950 servientum

984 2078 999 2136 ὁ
1074 2093 1133 2146 nse
1155 2093 1381 2144 rvusrmonrrs
1404 2093 1441 2134 τε
1462 2093 1504 2134 rue

1137 2194 1257 2236 urnrsse
1279 2195 1356 2236 orvs
1378 2181 1396 2236 †

216 2409 241 2467 1.
260 2408 466 2467 Wordsworth
493 2411 524 2467 in
550 2407 737 2486 ephemeride
759 2409 804 2467 tle
825 2409 970 2485 Academp
993 2427 1020 2466 a.
1040 2409 1118 2468 1'874
1141 2426 1169 2482 p.
1186 2407 1255 2465 434.
1301 2408 1465 2483 Ectypum,
1493 2407 1572 2483 quod
1600 2406 1677 2465 idem
1706 2409 1884 2484 reportavit,
1911 2409 2024 2466 incerta
2050 2411 2164 2469 tautum
2191 2411 2320 2488 vestigio

210 2511 352 2580 'exhibet‚
380 2510 459 2568 uude
484 2493 583 2586 imego
610 2509 678 2569 inde
704 2509 818 2570 desumi
845 2530 903 2568 non
930 2511 1035 2586 potuit
1079 2507 1138 2568 Sed
1166 2519 1292 2586 apparet
1313 2529 1384 2567 vere
1411 2511 1589 2591 observasse
1612 2509 1770 2580 editorem,
1797 2529 1864 2568 cum
1886 2510 1963 2568 tituli
1986 2529 2005 2566 c
2028 2530 2074 2568 rr.
2095 2514 2120 2569 l.
2143 2510 2160 2569 2
2183 2531 2222 2570 ex
2243 2515 2319 2571 enti·

215 2612 319 2686 quiore
347 2612 478 2686 fortusse
506 2612 637 2688 reliquos
665 2629 732 2670 esse
759 2610 884 2684 diceret,
913 2630 960 2668 vv.
978 2611 1068 2670 3-5
1095 2611 1189 2667 multo
1217 2610 1398 2669 recentiores
1425 2611 1554 2685 itemque
1580 2611 1699 2668 titulum
1722 2611 1747 2667 b.
1793 2610 1876 2669 Idem
1904 2612 1934 2669 in
1961 2612 2093 2686 epistula
2119 2613 2156 2670 sd
2179 2633 2226 2673 me
2249 2615 2319 2678 datu

215 2713 341 2771 ednotat
361 2714 509 2772 vocabulo
534 2710 641 2772 ‘domus
668 2732 731 2771 mea
752 2708 941 2787 sepulchrum
967 2699 1098 2771 fortusse
1121 2712 1279 2786 desumpto
1300 2729 1366 2769 esse
1392 2731 1428 2768 ex
1452 2729 1538 2782 versu
1561 2712 1614 2792 lob
1636 2713 1802 2788 prophetae
1823 2712 1918 2770 XVII
1943 2713 1994 2770 13:
2020 2707 2056 2771 ‘si
2076 2695 2252 2785 sustinuero,
2274 2719 2318 2773 tn·
2355 2757 2359 2764 .

207 2816 313 2888 fernus
335 2816 434 2873 domim
457 2805 596 2873 mea'est’.
631 2813 804 2873 Versiculus
826 2814 904 2871 iufra
926 2813 1042 2889 positus
1066 2814 1142 2872 uude
1165 2813 1341 2889 desumptus
1365 2813 1404 2870 sit
1425 2813 1568 2871 indicavit
1590 2813 1649 2871 ium
1671 2791 1785 2871 amicus
1802 2803 2049 2886 Wordsworthii3
2073 2815 2187 2875 scilicet
2208 2804 2318 2893 legitur

215 2915 294 2992 opud
316 2915 485 2974 Martialem
505 2915 602 2985 1159,
620 2917 648 2973 4.
685 2915 811 2974 Poetum
832 2915 1004 3000 christianis
1026 2907 1309 2973 etiamshominib'ns
1332 2923 1484 2997 occeptum
1507 2913 1599 2973 fuisse
1621 2915 1707 2972 docet
1728 2915 1834 2972 titulus
1850 2915 2005 2991 Hispanus
2028 2917 2210 2976 christianus
2231 2937 2260 2975 u.
2277 2916 2317 2975 65

216 3017 289 3074 anui
301 3036 330 3093 p.
347 3015 382 3075 C.
400 3019 471 3089 641,
493 3018 523 3074 in
546 3035 606 3092 quo
628 3017 737 3093 legitur
759 3018 835 3074 alter
856 3016 1005 3074 Martialis
1027 3016 1191 3074 versiculus
1214 3015 1273 3090 (VI
1290 3016 1339 3085 76,
1356 3017 1389 3091 4)
1410 3034 1468 3072 non
1490 3019 1566 3073 timet
1586 3015 1700 3074 hostiles
1722 3020 1780 3073 ium
1802 3015 1878 3092 lupis
1900 3020 1953 3074 istc
1974 3021 2076 3076 minas.
