5258 6872
1162 471 1166 482 '
1213 436 1302 556 xm
1374 567 1380 578 ,

360 686 480 760 Semel
517 698 663 760 tantum
700 697 847 786 praeter
881 686 998 786 patris
1033 687 1144 760 etiam
1179 686 1325 785 proavi,
1362 710 1452 776 non,
1496 686 1596 785 quod
1632 683 1902 784 expectaveris,
1941 684 2000 757 avi
2034 710 2166 760 nomen
2202 685 2306 758 addi·

205 827 286 889 tum
313 827 385 890 est·
619 914 783 989 Bodnoci
796 914 901 1013 filins
930 913 1153 1013 Colotiqirni,
1177 939 1361 1015 pronepus
1388 913 1553 988 Eternali
1580 912 1769 990 Vedornavi
1792 942 1827 990 n.
1848 920 1893 988 71

204 1123 369 1198 Eternali
392 1125 583 1222 genetivus
606 1093 740 1198 ¹estab
769 1123 966 1198 Aeternulie
994 1125 1260 1224 nominativo·
1290 1113 1408 1197 Semel
1435 1123 1524 1196 item
1551 1121 1643 1196 alius
1673 1122 1874 1198 adfinitatis
1902 1126 2038 1223 gradus
2067 1125 2231 1199 additur:
2266 1113 2268 1118 ¹
2300 1177 2316 1224 ’-

538 1329 704 1406 Contiori
733 1330 909 1405 Venellolis
937 1331 1061 1430 cive(e)
1080 1331 1161 1429 snit
1184 1281 1446 1428 consobrino(s)
1474 1329 1592 1427 Maqn·
1614 1329 1818 1427 muqirtrati
1842 1359 1876 1404 n.
1902 1335 1970 1405 135

358 1567 549 1656 Interdum
585 1579 706 1674 autem
739 1567 1062 1641 tertium-nomen
1096 1567 1256 1656 additur,
1296 1568 1396 1662 quod
1431 1575 1553 1638 utrum
1586 1566 1633 1637 ad
1664 1563 1729 1638 filii
1761 1590 1807 1638 an
1840 1567 1887 1638 ad
1919 1567 2037 1666 patris
2071 1566 2304 1641 referendum

206 1696 353 1769 sitnon
381 1695 512 1793 liquet:

847 1792 1022 1893 Clutoripi
1035 1795 1098 1893 fili
1123 1795 1269 1869 Paulini
1292 1793 1516 1868 Morinilon'o
1544 1821 1578 1866 n.
1600 1796 1645 1866 97

844 1922 1004 2000 11166611.
1022 1981 1028 1996 .
1047 1921 1109 2020 fin·
1131 1920 1321 1997 Lunarclii
1345 1909 1463 1998 Cocci¹
1477 1950 1513 1995 n.
1534 1923 1607 1993 233

845 2050 975 2124 Smini
989 2051 1052 2152 fili
1074 2050 1208 2124 Macco
1235 2049 1387 2124 Decten
1411 2079 1446 2123 n.
1468 2053 1515 2122 26

846 2176 1004 2277 anpilli
1020 2177 1158 2277 paneri
1185 2175 1331 2251 Trilnni
1354 2177 1541 2250 Dnnoculi
1565 2179 1670 2255 11.·34

202 2392 245 2466 In
278 2392 335 2466 his
361 2389 508 2464 Marini
532 2389 616 2465 latio
649 2391 798 2465 fuerunt
833 2392 897 2491 qui
929 2391 1136 2466 dividerent
1169 2392 1206 2465 in
1240 2393 1314 2465 duo
1341 2392 1543 2481 vocabula3
1577 2389 1695 2489 magis
1721 2389 1869 2465 videtur
1899 2416 1968 2490 pro
1999 2393 2159 2490 genetivi
2185 2394 2305 2466 forma

202 2521 362 2594 barbara
396 2520 608 2593 habendum
644 2543 733 2592 esse.
797 2518 936 2593 Pnneri
966 2521 1113 2594 videtur
1148 2518 1266 2593 filium
1299 2545 1456 2618 puerum
1492 2519 1672 2608 iudicare,
1714 2543 1787 2591 non
1826 2543 1984 2592 servum.
2040 2517 2137 2602 ,Cum
2172 2519 2305 2595 Macco

201 2645 352 2722 Dechcti
389 2647 599 2720 nominibus
638 2649 883 2746 conponenda
917 2646 1054 2722 Macen
1087 2645 1236 2722 Decceli
1269 2673 1303 2720 n.
1333 2650 1416 2719 154.
1477 2648 1672 2720 Accedunt
1705 2647 1876 2746 exempla
1910 2648 2018 2738 haec,
2058 2648 2219 2747 primum
2250 2649 2304 2722 in·

203 2786 325 2849 certae
351 2774 534 2862 lectionis:

804 2894 998 2969 Saluianus
1025 2894 1229 2968 Bnreocnoi
1240 2893 1343 2992 filine
1374 2891 1547 2994 Gzrpetimt
1575 2922 1609 2967 n.
1633 2896 1703 2967 132
1830 2975 1839 2988 ,

808 3021 934 3130 Talori
958 3022 1111 3096 Adrenti
1134 3021 1359 3120 anneruyi
1370 3021 1474 3119 filine
1503 3049 1536 3096 n.
1559 3025 1605 3096 83

201 3175 360 3251 Deinde:

919 3335 1011 3410 Meli
1034 3335 1170 3410 Medici
1183 3335 1244 3434 fili
1266 3335 1428 3442 Martini
1452 3364 1487 3408 n.
1512 3339 1581 3409 142

200 3545 237 3619 in
267 3570 340 3643 quo
369 3546 479 3619 etiam
507 3548 553 3619 de
579 3547 722 3622 medico
751 3546 905 3644 cogitari
932 3555 1068 3645 potest.
1122 3545 1216 3618 Item
1242 3545 1307 3618 filii
1335 3529 1516 3619 vocabulo
1544 3544 1681 3620 omisso
1708 3545 1800 3622 haec
1826 3547 1995 3647 exempla
2021 3557 2165 3620 extant:
2286 3643 2291 3651 ¹

891 3753 1025 3830 *Blan‘
1048 3755 1261 3852 Aciboqilre.
1281 3811 1288 3827 .
1321 3753 1388 3830 Vc.
1407 3811 1440 3829 ..
1470 3783 1504 3828 n.
1526 3759 1572 3829 89

891 3881 1035 3958 anoni
1057 3881 1269 3981 Moqnirini
1291 3883 1481 3980 Soqrnnni
1504 3912 1538 3957 n.
1563 3887 1611 3957 24
1712 3953 1715 3959 ,
1778 3887 1783 3896 ’

201 4098 242 4173 In
275 4123 436 4197 quorum
469 4097 584 4171 altero
611 4096 799 4198 86916661
828 4099 863 4171 in
899 4112 1005 4197 parte
1037 4099 1169 4198 lapidis
1197 4099 1341 4198 postica
1368 4099 1545 4198 scriptum
1574 4111 1649 4189 est,
1684 4109 1724 4173 ut
1751 4125 1838 4173 num
1868 4088 2017 4173 omnino
2045 4125 2129 4174 cum
2158 4100 2300 4175 anticae

201 4225 411 4300 nominibus
438 4226 734 4324 coniungendam
761 4227 808 4300 sit
836 4253 909 4300 non
936 4227 1088 4324 liqueat.
1143 4225 1300 4300 Nomina
1326 4226 1488 4326 duplicia
1514 4238 1705 4326 praeterea
1730 4226 1823 4302 baec
1849 4230 2109 4302 observantur:

970 4431 1181 4532 Corbulenpi
1206 4433 1348 4510 Ordocn
1375 4462 1410 4508 n.
1435 4439 1504 4508 115

905 4575 910 4586 “
965 4561 1132 4656 Eternoli
1158 4559 1346 4636 Vedornooi
1368 4591 1404 4636 n.
1428 4567 1472 4636 71

913 4758 917 4766 .
964 4689 1148 4805 Punpcins
1177 4687 1542 4764 0616601666.οθ
1669 4698 1673 4707 '

204 4890 386 4967 Vencdotir
413 4891 504 4967 cives
536 4920 621 4968 cum
654 4894 800 4968 dicatur
831 4895 944 4968 fuisse
972 4894 1168 4968 Oantiorus
1202 4893 1262 4968 1116
1294 4906 1331 4967 61
1359 4893 1498 4968 01116111
1526 4891 1794 4993 Corbalengus,
1828 4896 1874 4969 de
1905 4895 2093 4970 Venedotee
2119 4906 2157 4970 61
2185 4895 2300 4972 Ordo-

198 5020 291 5093 vices
322 5021 546 5120 populorum
579 5022 788 5096 nominibus
823 5022 924 5120 (vide
951 5047 1046 5118 quae
1073 5023 1118 5094 de
1140 5021 1347 5096 Venedotia
1374 5023 1550 5096 adnotavi
1576 5024 1621 5094 ad
1651 5048 1685 5094 n.
1709 5023 1798 5118 135)
1831 5023 1992 5121 cogitare
2020 5050 2178 5122 pronum
2206 5037 2296 5099 erat.

198 5146 270 5222 Sed
304 5159 427 5222 utrum
463 5143 699 5223 Curanlorins
726 5147 837 5224 Cocci
863 5145 1039 5247 &apirian
1064 5147 1217 5242 Declreti
1239 5147 1426 5223 Dnnocati
1449 5149 1671 5248 Muqaterapi
1694 5148 1923 5224 Morinilatio
1950 5150 2089 5250 Medici
2112 5151 2303 5251 Supranni

196 5272 342 5348 We...
381 5272 571 5376 Vedornavi
604 5277 693 5351 item
720 5303 788 5376 pro
817 5277 935 5376 gentis
962 5277 1137 5378 populive
1163 5265 1372 5352 nominibus
1399 5279 1571 5352 habenda
1598 5277 1671 5350 sint
1697 5278 1804 5352 valde
1832 5280 2076 5353 dubitandum
2106 5291 2172 5354 est.
2226 5280 2298 5356 Ra-

197 5402 338 5477 rissime
370 5404 408 5477 in
441 5405 497 5479 bis
528 5405 646 5480 titulis
680 5401 941 5479 defunctorum
975 5406 1101 5501 quales
1133 5405 1370 5478 condiciones
1400 5406 1539 5480 fuerint
1573 5407 1661 5478 dum
1693 5406 1769 5479 vita
1801 5406 1977 5481 fruuntur
2008 5407 2210 5483 indicatum
2243 5421 2300 5484 est

198 5530 250 5626 (v.
277 5531 436 5606 indicem
453 5532 504 5605 VI
530 5560 566 5632 p.
588 5536 676 5631 94),
710 5534 741 5606 si
775 5533 964 5633 exceperis
998 5535 1158 5608 incertae
1191 5517 1507 5632 interpretationis
1540 5533 1689 5607 titulum
1722 5559 1757 5606 n.
1781 5538 1870 5625 1853
1904 5534 2029 5632 itaque
2060 5537 2211 5610 nomina
2235 5537 2300 5611 1116

72 5687 75 5694 ·
198 5658 358 5757 duplicia
385 5661 509 5744 omnia
536 5671 634 5735 certe
662 5662 708 5734 ad
736 5662 875 5760 patrias
903 5661 1116 5734 indicandas
1145 5661 1271 5734 addita
1297 5687 1378 5735 6666
1406 5661 1467 5733 vix
1496 5672 1552 5734 est
1577 5662 1778 5761 probabile.
1903 5687 1955 5736 .·

350 5786 661 5861 Nomenclaturae
686 5787 794 5863 huius
823 5788 1055 5862 Britannicae
1081 5789 1200 5886 legem
1226 5789 1459 5888 peregrinam
1487 5789 1637 5863 omnino
1663 5815 1755 5880 esse,
1784 5805 1858 5864 non
1886 5789 2102 5882 Romanam,
2130 5760 2324 5892 adparet.¹

196 5913 295 5987 Rara
329 5916 438 5988 etiam
472 5927 559 5990 suut
589 5913 742 5989 Latinae
776 5916 927 6016 originis
960 5916 1124 6007 nomina,
1159 5916 1273 5991 veluti
1304 5917 1483 5990 Adventus
1511 5944 1545 5990 11.
1568 5920 1614 5991 83
1651 5917 1775 5991 Avitus
1802 5944 1837 5992 n.
1863 5922 1934 5992 164
1965 5915 2295 5995 0661661166128

199 6036 439 6140 Capelianus?
466 6069 501 6116 n.
526 6045 595 6116 132
624 6042 809 6118 Emeretns
837 6071 871 6117 n.
897 6048 967 6118 102
995 6043 1177 6117 Eternnlie
1206 6071 1241 6116 n.
1262 6048 1306 6117 71
1334 6044 1488 6118 Elernns
1506 6043 1673 6118 Elterrinr
1699 6072 1735 6118 u.
1760 6049 1924 6119 110139
1955 6043 2142 6144 Fiqnlinns
2163 6075 2197 6120 n.
2222 6050 2293 6122 138

140 6213 141 6218 ,
195 6167 317 6244 166166
336 6198 370 6245 11.
388 6175 435 6244 50
462 6167 614 6244 Latinus
635 6199 669 6244 u.
689 6175 732 6243 17
761 6167 993 6246 1156161161.
1012 6175 1084 6245 209
1112 6171 1300 6246 Martinus
1320 6199 1355 6244 n.
1375 6175 1443 6245 142
1473 6171 1634 6246 Martius
1654 6199 1688 6246 n.
1707 6177 1755 6246 58
1783 6171 1945 6248 Medicus
1965 6201 1998 6252 n.
2021 6177 2089 6249 142
2118 6175 2166 6272 (61
2185 6178 2296 6249 modo
