5258 6872
1184 467 1186 472 ’
1258 471 1310 546 ΧΙ

235 673 398 750 Barbare
425 699 513 748 vero
541 674 726 748 interdum
752 682 818 760 aut
844 672 960 773 patris
988 697 1121 748 nomen
1148 699 1217 772 pro
1245 676 1405 774 genetivi
1430 676 1648 754 nominativi
1673 677 1831 751 formam
1857 677 1982 768 babet,
2010 677 2149 754 scilicet
2174 678 2212 752 in
2239 677 2314 752 his:

955 877 1109 956 caucin
1126 880 1229 978 filius
1257 882 1485 981 Teqemacur
1511 911 1547 958 n.
1568 886 1615 958 35

236 1103 301 1166 aut
329 1091 492 1168 defuncti
518 1090 701 1192 genetiv0,
730 1079 846 1191 putris
872 1089 1100 1164 nominativo
1127 1089 1289 1183 effertur,
1318 1103 1359 1165 ut
1384 1092 1464 1166 in:'

1018 1295 1194 1397 Cnequnu'
1205 1296 1267 1396 fic·
1292 1296 1452 1374 Genucius
1480 1327 1515 1375 n.
1536 1307 1557 1375 5

1010 1424 1146 1500 *Vulci
1157 1427 1213 1524 fil.
1247 1425 1417 1502 V..ains
1443 1455 1478 1506 n.
1500 1431 1548 1502 30
1687 1433 1695 1450 ‘

237 1645 303 1709 aut
329 1634 488 1733 denique
516 1636 564 1708 ad
590 1591 856 1708 neminativurn
883 1634 1047 1710 defuncti
1062 1633 1124 1731 fic·
1147 1636 1338 1733 genetivus
1366 1636 1525 1728 additur,
1555 1637 1658 1730 utin
1686 1613 1817 1712 mubilc
1844 1634 1933 1709 hoc:

962 1840 992 1914 *.
1010 1841 1228 1942 .'pu9uc'uci0
1246 1843 1309 1941 fili
1333 1825 1492 1918 Vennoni
1515 1871 1550 1919 n.
1571 1810 1635 1918 49¹
1725 1845 1730 1852 ’

236 2050 315 2127 Nisi
348 2052 385 2126 in
420 2051 477 2127 his
511 2051 657 2126 inverso
692 2050 841 2124 omnino
876 2050 1005 2125 ordine
1041 2051 1158 2150 patris
1194 2076 1327 2126 nornen
1360 2055 1597 2150 praecedere,
1635 2042 1800 2128 defuncti
1832 2051 1937 2150 sequi
1973 2050 2163 2141 statueris,
2203 2064 2333 2127 contra

236 2204 388 2254 morem.
441 2180 587 2279 Anceps
615 2177 726 2253 etiam
752 2179 824 2254 hoc
851 2188 922 2252 est:

958 2357 1020 2455 fili
1044 2356 1215 2438 Louernii
1238 2357 1447 2447 Auutemori
1471 2388 1506 2435 n.
1531 2364 1599 2434 147

236 2590 335 2666 Raro
362 2603 450 2690 post
475 2589 645 2665 defuncti*
664 2614 798 2664 nomen
825 2588 940 2690 putris
968 2589 1094 2663 statim
1122 2590 1289 2686 sequitur
1315 2593 1442 2666 addito
1469 2593 1507 2665 in
1534 2592 1606 2666 fine
1621 2591 1683 2689 fili
1705 2592 1764 2666 vel
1780 2591 1881 2689 filius
1907 2591 2102 2681 vocabule,
2133 2600 2175 2664 ut
2201 2573 2281 2663 inr'

805 2849 811 2859 .
908 2795 1145 2871 -Rialobra'ni
1169 2794 1347 2872 Occuouclc'
1359 2798 1420 2896 fili
1444 2827 1479 2874 n.
1501 2803 1523 2874 2

929 2999 1153 3098 *Druntuqnc‘
1179 2997 1375 3076 Cunornorc'
1387 3002 1489 3100 filius
1516 3031 1552 3078 n.
1573 3007 1620 3078 20

932 3127 1155 3213 Quenutuuci
1177 3127 1297 3231 Dinui
1309 3127 1411 3226 filius
1440 3158 1473 3205 n.
1496 3133 1517 3204 3

842 3362 846 3371 ·
930 3330 1144 3431 Gurcaqnuc
1169 3387 1179 3438 .·
1197 3389 1204 3405 .
1223 3331 1344 3407 urici
1354 3332 1457 3430 filius
1484 3361 1519 3408 n.
1541 3337 1588 3407 85

864 3568 877 3606 s
929 3534 1123 3634 Broeuqau
1148 3534 1320 3610 *Nadottc'
1333 3537 1434 3635 filice
1462 3564 1496 3611 n.
1520 3541 1573 3633 15,
1610 3607 1615 3616 .

792 3715 793 3718 ,
930 3659 1117 3737 *Cdroron
1148 3662 1252 3740 Vdicz'
1265 3664 1369 3761 filius
1397 3692 1432 3738 n.
1455 3668 1499 3737 19
1563 3717 1567 3724 -

240 3875 282 3950 In
311 3863 709 3972 quibusdam'nomina
735 3873 835 3951 nulla
862 3871 1011 3968 omnino
1039 3871 1208 3946 flexionis
1235 3873 1390 3972 vestigia
1416 3872 1602 3963 exhibent,
1624 3875 1687 3946 ut:

963 4077 1126 4179 *Cutquq
1142 4081 1220 4179 flur
1248 4077 1357 4156 Gideo
1384 4107 1419 4154 n.
1440 4085 1487 4155 52

964 4205 1147 4282 *Hiroidc'l
1160 4208 1264 4305 filius
1293 4205 1465 4283 Curetinu
1491 4235 1527 4282 n.
1551 4210 1621 4282 122

963 4334 1109 4434 *lauert
1123 4335 1227 4432 filicu
1254 4335 1379 4412 Iacchi
1401 4363 1437 4410 n.
1464 4339 1536 4410 120

961 4461 1197 4561 ’Μανρετσπιᾶ
1211 4463 1248 4561 s.
1278 4463 1441 4566 Eccetoey
1469 4467 1573 4578 nun·
1675 4457 1678 4463 ’
1752 4519 1756 4528 ·

240 4673 342 4774 Quae
370 4675 493 4750 omnic
518 4676 680 4751 incertae
706 4673 818 4749 etiam
842 4673 1011 4749 lectionis
1040 4684 1142 4764 sunt3
1171 4673 1337 4749 similiter
1362 4674 1400 4746 in
1428 4674 1537 4748 titulo
1566 4676 1601 4748 n'.
1614 4675 1697 4748 ,160
1724 4673 1914 4770 leguntur:

803 4823 972 4959 Concebu
987 4880 1089 4980 filiun
1118 4877 1267 4972 Catteb',
1285 4878 1413 4956 Gutceb'
1427 4881 1529 4980 filius
1555 4878 1776 4972 Brobcmac'l,
1870 4937 1872 4942 .

638 5023 640 5030 '
784 5007 992 5085 λΒνοὴτηαὶί
1005 5009 1108 5107 filius
1133 5009 1266 5107 Eliceq',
1294 5007 1414 5109 Elc'req
1430 5008 1533 5107 filius
1561 5005 1749 5084 Guilloauc
1836 5071 1838 5076 ,

241 5196 278 5259 eb

1003 5357 1206 5432 ..brc'tuat.
1225 5384 1284 5432 .m
1300 5357 1403 5456 filicis
1432 5355 1588 5432 Guurtbc'

243 5580 307 5643 eut
333 5568 460 5644 addita
485 5568 646 5643 flexione
673 5579 737 5642 aut
763 5568 910 5645 omissa.
963 5555 1094 5644 Mutila]
1113 5569 1277 5665 denique
1303 5568 1394 5644 haec
1421 5578 1523 5644 sunt:

982 5777 1100 5876 Reqiu
1166 5776 1269 5874 filius
1295 5774 1468 5850 Nuuintci'
1490 5803 1525 5849 n.
1547 5778 1595 5848 84
1684 5869 1694 5890 .

984 5905 1093 5980 Pauli
1106 5963 1113 5978 .
1132 5962 1139 5978 .
1158 5962 1165 5978 .
1183 5904 1246 6002 fib'
1268 5903 1337 5978 Mu
1466 5930 1502 5976 n.
1525 5905 1572 5977 68

985 6029 1338 6110 ....3...curc'·n.
1362 6034 1408 6104 52
