5242 6862
1268 481 1315 551 75

244 679 317 738 207
339 679 439 758 Prope
461 679 625 750 mitiora,
647 679 853 756 impronellae,
875 698 911 737 oa
958 682 1031 743 208
1055 683 1096 741 Ar
1116 684 1223 741 Friars
1249 681 1348 753 Carae,
1370 685 1401 740 in
1422 685 1467 742 tba
1484 685 1589 760 par-iob
1612 689 1647 761 of
1662 683 1822 754 Daasoore,
1844 683 2077 760 Damfrieselire.
2116 683 2210 760 Lapis
2232 684 2340 744 dicitur

285 783 329 840 ile
353 783 423 858 bipb
447 785 562 858 prouad
582 785 671 842 above
693 783 737 842 ibe
759 793 846 852 town,
875 800 910 839 aa
1000 785 1119 845 saeoulo
1141 785 1281 860 proximo
1302 793 1431 844 exeunte
1453 804 1489 845 eo
1511 787 1630 846 delatus
1651 805 1720 846 esse
1742 807 1758 846 e
1779 787 1838 844 situ
1860 785 1989 862 quodam
2014 786 2110 854 vioino
2132 805 2186 863 per
2199 786 2339 862 iacobum

285 883 329 940 ibe
350 885 412 942 eide
435 886 470 958 of
487 886 531 942 tire
551 886 627 944 road
649 885 762 958 leadiaq
784 884 910 942 towards
998 885 1133 958 Biddon,
1155 889 1190 961 os
1208 884 1398 956 Gleariddell,
1420 901 1519 946 rerum
1542 876 1732 966 antiquarura
1756 887 1953 952 collectorem.
1997 889 2033 946 In
2055 888 2136 946 fuste
2158 887 2269 958 erucis,
2291 888 2339 946 oui

172 985 178 998 '
286 983 330 1043 tle
356 986 409 1044 isle
431 988 466 1060 os
482 986 642 1045 Wllitbom.
686 983 780 1060 Lapis
803 983 911 1066 dicitur
998 989 1116 1048 videtur
1138 989 1412 1064 superimpositus
1433 989 1531 1049 fuisse
1553 990 1655 1051 disoue
1676 990 1833 1060 rotundus,
1856 988 1955 1048 forfex
1975 989 2196 1066 insoulptaest,
2217 989 2342 1048 insacia

285 1103 352 1145 esse
375 1087 454 1146 altus
476 1109 505 1166 p.
521 1090 552 1160 4,
573 1089 653 1148 latus
676 1085 704 1146 2.
872 1079 876 1088 '
998 1090 1083 1149 basis
1110 1098 1245 1166 tempore
1271 1090 1383 1148 reoenti
1409 1109 1486 1150 crux
1513 1099 1543 1151 et
1568 1093 1748 1152 voaabulum
1772 1091 1963 1161 Lauolrmoor,
1991 1091 2087 1148 situm·
2109 1089 2238 1148 fortasse
2264 1091 2348 1149 indi:

999 1209 1082 1263 oans,
1106 1191 1182 1250 unde
1204 1192 1377 1267 provenerit
1397 1192 1486 1268 lapis.
1521 1195 1558 1253 In
1581 1195 1737 1276 superficie
1760 1214 1829 1254 vero
1854 1193 1934 1262 baeis
1956 1192 2061 1250 titulus
2082 1199 2164 1250 extat
2184 1192 2341 1262 vetustior,

998 1293 1084 1352 cuius
1106 1300 1205 1350 tamen
1227 1291 1345 1351 litterae
1367 1295 1503 1354 videntur
1525 1273 1652 1358 refeotae
1674 1315 1741 1357 ease
1763 1307 1898 1372 tempore
1920 1293 2039 1354 receuti.

1323 3081 1344 3150 Ι
1366 3095 1419 3135 ora
1436 3094 1494 3152 pro
1515 3081 1613 3136 aaima
1637 3075 1796 3137 Comerolie
1817 3074 1986 3152 delpiwabi·

352 3444 407 3554 '⁰⁶¹²'
429 3441 550 3517 [mlii
571 3433 802 3542 Pelli'al'mffli
959 3465 1064 3528 Stuart
1086 3453 1254 3542 scalptared
1275 3476 1368 3524 aiones
1391 3468 1426 3540 os
1443 3465 1584 3523 Saotlaad
1604 3461 1622 3521 2
1645 3483 1674 3539 p.
1692 3463 1730 3521 67
1754 3465 1814 3522 tab.
1834 3463 1902 3522 120.

470 3645 474 3654 ι
1001 3568 1137 3634 Titulum
1165 3569 1312 3646 integrum
1338 3564 1441 3626 Stusrt
1466 3567 1565 3642 legere
1590 3585 1650 3625 non
1673 3565 1784 3641 potuit;
1812 3566 1864 3624 sed
1888 3564 2019 3624 affirmat
2040 3565 2162 3624 omnino
2183 3563 2343 3640 genuinum

246 3672 349 3735 Stuart
374 3671 541 3748 scalptured
566 3681 657 3730 stanes
680 3675 714 3747 of
731 3673 871 3732 scotland
893 3671 910 3730 2
960 3687 1026 3730 ease
1046 3679 1076 3727 et
1090 3679 1251 3740 vetustum,
1274 3669 1411 3745 quamvis
1433 3657 1557 3745 propter
1578 3665 1696 3726 litteras
1719 3667 1852 3760 relectas¹
1870 3666 2040 3725 dubitatum
2063 3666 2103 3724 sit
2124 3665 2160 3724 de
2182 3666 2246 3723 eiua
2269 3664 2343 3722 anti·

124 3789 142 3856 j
244 3795 273 3852 p.
290 3775 328 3833 53
352 3772 403 3848 (ad
426 3773 485 3832 tab.
504 3773 557 3850 96)
581 3774 640 3830 tab.
658 3773 707 3832 77.
959 3775 1082 3851 quinte,

244 4086 319 4146 209
352 4088 401 4146 Ab
436 4087 556 4146 Yarrow
585 4085 678 4157 Kale,
708 4087 911 4158 Selleirleabire,

286 4188 388 4267 paullo
410 4205 516 4248 versus
545 4188 742 4259 occidentem,
770 4198 799 4246 et
825 4190 912 4247 iuxta

286 4289 418 4365 pastoris
447 4289 612 4368 tugurium,
641 4289 719 4365 lapis
746 4299 806 4348 stat
832 4290 934 4376 altus¹
1306 4351 1311 4366 ,

151 4405 156 4418 ·
269 4391 477 4467 ·p.5dig.4,
499 4390 587 4463 latus,
607 4391 912 4462 ubilatiasimusest‚
1203 4391 1204 4396 ’
1332 4465 1342 4496 r
1404 4399 1406 4404 ’
1702 4429 1855 4446 ........
1879 4389 1924 4446 irio
1944 4387 2055 4446 Memor
2077 4391 2151 4446 iacet
2171 4429 2263 4444 .....

287 4511 316 4566 p.
332 4493 450 4551 circiter
466 4493 493 4550 3.
525 4490 659 4550 Litterae
674 4491 743 4550 sunt
757 4493 911 4551 evanidae.
1048 4531 1078 4540 --
1306 4479 1316 4504 ⁸
1701 4492 1806 4565 priua.
1821 4532 1850 4547 ..
1874 4477 2052 4560 Dumaoeeni
2073 4489 2119 4548 bia
2140 4493 2212 4547 iacet

287 4593 401 4653 Ibidem
424 4603 561 4670 repertus
583 4604 630 4652 est
651 4593 727 4672 lapis
747 4594 914 4670 signiscir·
1187 4665 1208 4694 e
1291 4573 1332 4640 -'‘
1702 4593 1731 4648 ia
1754 4590 1860 4649 tumulo
1884 4592 1940 4649 dao
1957 4588 2005 4666 fili
2102 4587 2233 4648 Liberali
2368 4615 2371 4622 ·

287 4695 438 4754 talaribus
469 4695 630 4770 insignitus
662 4694 799 4754 similiter
825 4703 914 4772 atque

288 4795 366 4872 lapis
389 4796 427 4854 ad
445 4797 551 4856 Annae
567 4793 661 4854 Street
681 4797 818 4870 repertus
834 4796 914 4873 apud

290 4879 462 4956 Wilsouem¹
475 4889 650 4972 preliatorir
670 4887 775 4964 annale
790 4899 825 4971 of
834 4897 914 4956 Saot-

290 5000 362 5056 laad
387 5018 416 5076 p.
441 4998 510 5056 334.
560 4997 740 5075 Exemplum
770 5017 913 5076 gypseum

289 5108 374 5158 extat
395 5101 425 5158 in
448 5117 552 5159 museo
575 5099 805 5176 Edinburffiffip
1694 5039 1697 5046 ’
1724 5051 1782 5109 lae.
1806 5049 1943 5122 sussen,
1970 5047 2022 5125 qui
2045 5048 2159 5124 primus
2182 5045 2350 5140 descripsit,

1682 5152 1724 5210 ita
1749 5151 1834 5228 legit:
1863 5151 1909 5211 bie
1935 5153 2084 5209 menariae
2109 5159 2135 5207 et
2162 5151 2166 5224 Ι
2196 5187 2350 5205 ........

1683 5253 1729 5311 bio
1757 5256 1761 5330 Ι
1791 5255 1907 5314 ..audi
1934 5255 1938 5328 Ι
1969 5292 2078 5310 ......
2106 5251 2153 5308 bio
2178 5253 2269 5308 iaceat
2293 5249 2297 5326 Ι
2321 5251 2351 5305 ia

1685 5355 1789 5413 tamaio
1813 5357 1869 5413 duo
1885 5355 1945 5431 filii
1968 5355 1973 5430 Ι
1997 5351 2129 5418 Liberali

1725 5457 1750 5515 l.
1763 5455 1802 5514 Y.
1816 5453 1959 5531 Simpson
1983 5454 2183 5530 (procaediupa
2200 5453 2219 5508 4
2234 5469 2263 5526 p.
2278 5449 2351 5526 119)

1682 5559 1740 5617 itae
1764 5557 1810 5616 bio
1825 5553 2320 5629 MeraoriaeitfiLoia...ai...
2345 5551 2349 5626 Ι

248 5660 405 5735 Descripsi
421 5667 570 5738 ettypum‚
591 5670 624 5719 ut
638 5661 733 5736 potui,
753 5661 806 5719 aed
821 5637 917 5738 pausa

250 5770 363 5820 tantum
386 5762 460 5838 legi3
483 5761 549 5820 Ioh.
571 5760 661 5820 Alex.
685 5757 782 5820 Smitlr
801 5779 917 5838 praeee-

249 5864 333 5938 dinpa
360 5867 397 5939 of
418 5863 462 5920 iba
489 5867 594 5936 society
623 5864 658 5936 os
683 5853 860 5940 antiquariae
889 5869 919 5941 ο]

157 5971 162 5980 ’
253 5963 395 6023 Saotlaad
422 5961 455 6034 2,
481 5961 559 6021 1859
588 5981 618 6038 p.
641 5964 702 6024 484
730 5965 791 6024 tab.
813 5963 850 6023 18
879 5985 919 6025 ex

251 6065 390 6140 exemplo
412 6064 634 6142 photographo;
648 6065 735 6124 ¹idem
758 6065 921 6125 additional

250 6176 328 6224 aaut
349 6164 421 6224 ibid.
445 6166 476 6238 4,
501 6165 579 6225 1863
600 6184 632 6242 p.
648 6165 760 6228 bilae.

1683 5659 1728 5717 bio
1749 5657 1791 5715 Pe
1804 5698 1811 5716 .
1824 5699 1830 5716 .
1843 5659 1899 5734 ηιΙ
1923 5657 2113 5732 Damaopeai.
2157 5653 2204 5712 bie
2230 5657 2324 5712 iaceat
2346 5649 2351 5730 Ι

1682 5764 1712 5818 ia
1735 5759 1841 5818 miralo
1864 5759 1921 5816 duo
1936 5758 1986 5834 fili
2008 5754 2013 5834 Ι
2036 5755 2171 5816 Liberali
2195 5827 2197 5834 γ

1675 5931 1682 5942 ·
1725 5857 1823 5920 Smith
1849 5875 1921 5918 vero
1947 5859 2002 5918 ita:
2031 5853 2213 5917 bio'Memar'
2237 5858 2322 5914 iaaeii
2345 5855 2350 5930 Ι

1571 5969 1575 5976 ’
1683 5959 1828 6038 Loia[rie]
1842 5965 1874 6020 ai
1880 6001 1961 6020 ......
1979 5960 1983 6035 Ι
1997 5956 2187 6037 priae(i)lpea
2199 5955 2329 6032 [fflaadi
2345 5955 2350 6030 Ι

1683 6063 1864 6140 Dumaopeai
1888 6062 1934 6119 bie
1958 6063 2052 6120 iaceat
2077 6061 2082 6138 Ι
2105 6063 2136 6118 in
2162 6057 2269 6118 remoto
2297 6059 2352 6116 dae

1678 6163 1726 6239 fili
1748 6165 1753 6239 Ι
1777 6162 1912 6224 Liberali

1987 6262 2047 6322 10*
