<?xml version="1.0" encoding="UTF-8"?>
<!DOCTYPE html PUBLIC "-//W3C//DTD XHTML 1.0 Transitional//EN"
    "http://www.w3.org/TR/xhtml1/DTD/xhtml1-transitional.dtd">
<html xmlns="http://www.w3.org/1999/xhtml" xml:lang="en" lang="en">
 <head>
  <title>
</title>
<meta http-equiv="Content-Type" content="text/html;charset=utf-8" />
  <meta name='ocr-system' content='tesseract 3.04.00' />
  <meta name='ocr-capabilities' content='ocr_page ocr_carea ocr_par ocr_line ocrx_word'/>
</head>
<body>
  <div class='ocr_page' id='page_1' title='image "./inscriptionesbr00hbgoog_0038.png"; bbox 0 0 5258 6872; ppageno 0'>
   <div class='ocr_carea' id='block_1_1' title="bbox 1314 403 1335 474">
    <p class='ocr_par' dir='ltr' id='par_1_1' title="bbox 1314 403 1335 474">
     <span class='ocr_line' id='line_1_1' title="bbox 1314 403 1335 474; baseline 0 0"><span class='ocrx_word' id='word_1_1' title='bbox 1314 403 1335 474; x_wconf 88' lang='lat'><strong>6</strong></span> 
     </span>
    </p>
   </div>
   <div class='ocr_carea' id='block_1_2' title="bbox 160 568 2373 684">
    <p class='ocr_par' dir='ltr' id='par_1_2' title="bbox 160 568 2373 684">
     <span class='ocr_line' id='line_1_2' title="bbox 160 568 2373 684; baseline 0.003 -24"><span class='ocrx_word' id='word_1_2' title='bbox 160 625 179 660; x_wconf 65' lang='lat' dir='ltr'><strong>a</strong></span> <span class='ocrx_word' id='word_1_3' title='bbox 273 607 380 684; x_wconf 81' lang='lat' dir='ltr'><strong>Blight</strong></span> <span class='ocrx_word' id='word_1_4' title='bbox 406 610 419 664; x_wconf 96' lang='lat' dir='ltr'><strong>l</strong></span> <span class='ocrx_word' id='word_1_5' title='bbox 449 608 469 664; x_wconf 86' lang='lat' dir='ltr'><strong>f.</strong></span> <span class='ocrx_word' id='word_1_6' title='bbox 494 606 567 680; x_wconf 79' lang='lat'><strong>126,</strong></span> <span class='ocrx_word' id='word_1_7' title='bbox 594 605 611 664; x_wconf 78' lang='lat'><strong>2</strong></span> <span class='ocrx_word' id='word_1_8' title='bbox 641 607 726 680; x_wconf 88' lang='lat' dir='ltr'><strong>(inde</strong></span> <span class='ocrx_word' id='word_1_9' title='bbox 755 607 883 668; x_wconf 86' lang='lat' dir='ltr'><strong>Haddan</strong></span> <span class='ocrx_word' id='word_1_10' title='bbox 903 616 943 665; x_wconf 88' lang='lat' dir='ltr'><strong>·et</strong></span> <span class='ocrx_word' id='word_1_11' title='bbox 989 568 1114 684; x_wconf 85' lang='lat' dir='ltr'><strong>An&#39;glice</strong></span> <span class='ocrx_word' id='word_1_12' title='bbox 1137 581 1263 682; x_wconf 76' lang='lat' dir='ltr'><strong>tlrouplrt,</strong></span> <span class='ocrx_word' id='word_1_13' title='bbox 1286 603 1464 670; x_wconf 82' lang='lat' dir='ltr'><strong>Germanice</strong></span> <span class='ocrx_word' id='word_1_14' title='bbox 1486 607 1655 680; x_wconf 81' lang='lat' dir='ltr'><strong>dacbtc)-</strong></span> <span class='ocrx_word' id='word_1_15' title='bbox 1705 624 1785 664; x_wconf 88' lang='lat' dir='ltr'><strong>mum</strong></span> <span class='ocrx_word' id='word_1_16' title='bbox 1800 606 1926 679; x_wconf 82' lang='lat' dir='ltr'><strong>seubotel</strong></span> <span class='ocrx_word' id='word_1_17' title='bbox 1953 623 2021 664; x_wconf 86' lang='lat' dir='ltr'><strong>esse</strong></span> <span class='ocrx_word' id='word_1_18' title='bbox 2049 614 2139 683; x_wconf 78' lang='lat' dir='ltr'><strong>posse</strong></span> <span class='ocrx_word' id='word_1_19' title='bbox 2167 607 2287 666; x_wconf 77' lang='lat' dir='ltr'>aliunde</span> <span class='ocrx_word' id='word_1_20' title='bbox 2314 625 2373 666; x_wconf 88' lang='lat' dir='ltr'><strong>nou</strong></span> 
     </span>
    </p>
   </div>
   <div class='ocr_carea' id='block_1_3' title="bbox 165 705 2439 1392">
    <p class='ocr_par' dir='ltr' id='par_1_3' title="bbox 273 705 2374 888">
     <span class='ocr_line' id='line_1_3' title="bbox 273 705 2373 785; baseline 0 -19"><span class='ocrx_word' id='word_1_21' title='bbox 273 705 387 767; x_wconf 85' lang='lat' dir='ltr'><strong>Stubbs</strong></span> <span class='ocrx_word' id='word_1_22' title='bbox 417 711 431 767; x_wconf 94' lang='lat' dir='ltr'><strong>l</strong></span> <span class='ocrx_word' id='word_1_23' title='bbox 463 728 491 785; x_wconf 94' lang='lat' dir='ltr'><strong>p.</strong></span> <span class='ocrx_word' id='word_1_24' title='bbox 515 709 573 768; x_wconf 80' lang='lat'><strong>699</strong></span> <span class='ocrx_word' id='word_1_25' title='bbox 601 709 796 784; x_wconf 85' lang='lat' dir='ltr'><strong>memorant).</strong></span> <span class='ocrx_word' id='word_1_26' title='bbox 841 709 941 768; x_wconf 85' lang='lat' dir='ltr'><strong>Habui</strong></span> <span class='ocrx_word' id='word_1_27' title='bbox 990 708 1020 766; x_wconf 92' lang='lat' dir='ltr'><strong>id</strong></span> <span class='ocrx_word' id='word_1_28' title='bbox 1040 721 1137 768; x_wconf 90' lang='lat' dir='ltr'><strong>autem</strong></span> <span class='ocrx_word' id='word_1_29' title='bbox 1157 707 1583 784; x_wconf 83' lang='lat' dir='ltr'><strong>minimehuequadrare-,</strong></span> <span class='ocrx_word' id='word_1_30' title='bbox 1607 717 1659 765; x_wconf 82' lang='lat' dir='ltr'><strong>sut</strong></span> <span class='ocrx_word' id='word_1_31' title='bbox 1704 717 1821 777; x_wconf 90' lang='lat' dir='ltr'><strong>notum;</strong></span> <span class='ocrx_word' id='word_1_32' title='bbox 1851 708 1902 764; x_wconf 89' lang='lat' dir='ltr'><strong>sed</strong></span> <span class='ocrx_word' id='word_1_33' title='bbox 1930 709 1987 766; x_wconf 73' lang='lat' dir='ltr'><strong>bort</strong></span> <span class='ocrx_word' id='word_1_34' title='bbox 2016 708 2151 782; x_wconf 86' lang='lat' dir='ltr'><strong>(domus,</strong></span> <span class='ocrx_word' id='word_1_35' title='bbox 2174 708 2373 783; x_wconf 86' lang='lat' dir='ltr'><strong>domicilium)</strong></span> 
     </span>
     <span class='ocr_line' id='line_1_4' title="bbox 273 789 2374 888; baseline -0 -21"><span class='ocrx_word' id='word_1_36' title='bbox 273 817 429 886; x_wconf 85' lang='lat' dir='ltr'><strong>praeterea</strong></span> <span class='ocrx_word' id='word_1_37' title='bbox 458 811 596 888; x_wconf 87' lang='lat' dir='ltr'><strong>exempla</strong></span> <span class='ocrx_word' id='word_1_38' title='bbox 622 811 691 880; x_wconf 92' lang='lat' dir='ltr'><strong>duo,</strong></span> <span class='ocrx_word' id='word_1_39' title='bbox 719 789 942 886; x_wconf 40' lang='lat' dir='ltr'><strong>quorum&#39;alte-</strong></span> <span class='ocrx_word' id='word_1_40' title='bbox 990 809 1188 885; x_wconf 88' lang='lat' dir='ltr'><strong>supplendum</strong></span> <span class='ocrx_word' id='word_1_41' title='bbox 1218 809 1248 867; x_wconf 92' lang='lat' dir='ltr'><strong>in</strong></span> <span class='ocrx_word' id='word_1_42' title='bbox 1278 808 1428 885; x_wconf 74' lang='lat' dir='ltr'><strong>1³0(s)flte</strong></span> <span class='ocrx_word' id='word_1_43' title='bbox 1457 809 1513 883; x_wconf 94' lang='lat'><strong>(=</strong></span> <span class='ocrx_word' id='word_1_44' title='bbox 1541 808 1657 877; x_wconf 77' lang='lat' dir='ltr'><strong>moritis,</strong></span> <span class='ocrx_word' id='word_1_45' title='bbox 1706 817 1735 867; x_wconf 90' lang='lat' dir='ltr'><strong>et</strong></span> <span class='ocrx_word' id='word_1_46' title='bbox 1742 811 1805 882; x_wconf 80' lang='lat' dir='ltr'><strong>seo,</strong></span> <span class='ocrx_word' id='word_1_47' title='bbox 1813 807 1913 882; x_wconf 77' lang='lat' dir='ltr'><strong>sealt(</strong></span> <span class='ocrx_word' id='word_1_48' title='bbox 1933 811 1990 881; x_wconf 84' lang='lat' dir='ltr'><strong>eu),</strong></span> <span class='ocrx_word' id='word_1_49' title='bbox 2006 828 2080 885; x_wconf 89' lang='lat' dir='ltr'><strong>pecu</strong></span> <span class='ocrx_word' id='word_1_50' title='bbox 2096 820 2125 867; x_wconf 88' lang='lat' dir='ltr'><strong>et</strong></span> <span class='ocrx_word' id='word_1_51' title='bbox 2140 811 2275 885; x_wconf 88' lang='lat' dir='ltr'><strong>pecunia,</strong></span> <span class='ocrx_word' id='word_1_52' title='bbox 2290 828 2374 886; x_wconf 91' lang='lat' dir='ltr'><strong>opes,</strong></span> 
     </span>
    </p>

    <p class='ocr_par' dir='ltr' id='par_1_4' title="bbox 165 906 2439 1392">
     <span class='ocr_line' id='line_1_5' title="bbox 274 906 2439 987; baseline 0 -19"><span class='ocrx_word' id='word_1_53' title='bbox 274 930 338 970; x_wconf 89' lang='lat' dir='ltr'><strong>rum</strong></span> <span class='ocrx_word' id='word_1_54' title='bbox 358 912 565 970; x_wconf 84' lang='lat' dir='ltr'><strong>Maximiliano</strong></span> <span class='ocrx_word' id='word_1_55' title='bbox 582 911 728 970; x_wconf 82' lang='lat' dir='ltr'><strong>Muellero</strong></span> <span class='ocrx_word' id='word_1_56' title='bbox 751 913 875 970; x_wconf 85' lang='lat' dir='ltr'><strong>missum</strong></span> <span class='ocrx_word' id='word_1_57' title='bbox 897 921 944 970; x_wconf 89' lang='lat' dir='ltr'><strong>est</strong></span> <span class='ocrx_word' id='word_1_58' title='bbox 989 909 1086 986; x_wconf 86' lang='lat' dir='ltr'><strong>iecit);</strong></span> <span class='ocrx_word' id='word_1_59' title='bbox 1105 910 1274 968; x_wconf 89' lang='lat' dir='ltr'><strong>hocautem</strong></span> <span class='ocrx_word' id='word_1_60' title='bbox 1290 927 1325 966; x_wconf 88' lang='lat' dir='ltr'><strong>eo</strong></span> <span class='ocrx_word' id='word_1_61' title='bbox 1341 910 1430 968; x_wconf 84' lang='lat' dir='ltr'><strong>etiam</strong></span> <span class='ocrx_word' id='word_1_62' title='bbox 1446 908 1658 980; x_wconf 78' lang='lat' dir='ltr'><strong>commendari,</strong></span> <span class='ocrx_word' id='word_1_63' title='bbox 1697 909 1833 987; x_wconf 86' lang='lat' dir='ltr'><strong>&#39;Anglioe</strong></span> <span class='ocrx_word' id='word_1_64' title='bbox 1852 913 1911 986; x_wconf 82' lang='lat' dir='ltr'><strong>see,</strong></span> <span class='ocrx_word' id='word_1_65' title='bbox 1934 908 2112 969; x_wconf 81' lang='lat' dir='ltr'><strong>Germanice</strong></span> <span class='ocrx_word' id='word_1_66' title='bbox 2133 910 2204 981; x_wconf 82' lang='lat' dir='ltr'><strong>ciel,</strong></span> <span class='ocrx_word' id='word_1_67' title='bbox 2227 907 2374 969; x_wconf 84' lang='lat' dir='ltr'><strong>roenb&#39;uln</strong></span> <span class='ocrx_word' id='word_1_68' title='bbox 2433 906 2439 919; x_wconf 85' lang='lat'>&#39;</span> 
     </span>
     <span class='ocr_line' id='line_1_6' title="bbox 241 989 2375 1089; baseline 0.001 -20"><span class='ocrx_word' id='word_1_69' title='bbox 241 989 245 998; x_wconf 37' lang='lat'><strong>⁴</strong></span> <span class='ocrx_word' id='word_1_70' title='bbox 276 1031 313 1070; x_wconf 95' lang='lat' dir='ltr'><strong>m.</strong></span> <span class='ocrx_word' id='word_1_71' title='bbox 337 1014 416 1088; x_wconf 79' lang='lat' dir='ltr'><strong>Aug.</strong></span> <span class='ocrx_word' id='word_1_72' title='bbox 445 1032 471 1071; x_wconf 80' lang='lat' dir='ltr'><strong>a</strong></span> <span class='ocrx_word' id='word_1_73' title='bbox 497 1012 575 1071; x_wconf 80' lang='lat'>1870</span> <span class='ocrx_word' id='word_1_74' title='bbox 603 1014 641 1070; x_wconf 86' lang='lat' dir='ltr'><strong>ab</strong></span> <span class='ocrx_word' id='word_1_75' title='bbox 668 999 821 1072; x_wconf 81' lang='lat' dir='ltr'><strong>Edwardo</strong></span> <span class='ocrx_word' id='word_1_76' title='bbox 843 1013 943 1071; x_wconf 90' lang='lat' dir='ltr'><strong>Theo·</strong></span> <span class='ocrx_word' id='word_1_77' title='bbox 990 1012 1071 1086; x_wconf 92' lang='lat' dir='ltr'><strong>quod</strong></span> <span class='ocrx_word' id='word_1_78' title='bbox 1093 1011 1111 1089; x_wconf 74' lang='lat' dir='ltr'><strong>b</strong></span> <span class='ocrx_word' id='word_1_79' title='bbox 1136 1011 1204 1088; x_wconf 89' lang='lat' dir='ltr'><strong>(th)</strong></span> <span class='ocrx_word' id='word_1_80' title='bbox 1227 1011 1312 1068; x_wconf 89' lang='lat' dir='ltr'><strong>initio</strong></span> <span class='ocrx_word' id='word_1_81' title='bbox 1335 1005 1452 1068; x_wconf 84' lang='lat' dir='ltr'><strong>articuli</strong></span> <span class='ocrx_word' id='word_1_82' title='bbox 1475 1011 1658 1086; x_wconf 82' lang='lat' dir='ltr'><strong>insequentis</strong></span> <span class='ocrx_word' id='word_1_83' title='bbox 1706 1029 1782 1070; x_wconf 86' lang='lat' dir='ltr'><strong>esse.</strong></span> <span class='ocrx_word' id='word_1_84' title='bbox 1833 1009 1865 1071; x_wconf 87' lang='lat' dir='ltr'><strong>Si</strong></span> <span class='ocrx_word' id='word_1_85' title='bbox 1899 1011 2002 1069; x_wconf 91' lang='lat' dir='ltr'><strong>titulus</strong></span> <span class='ocrx_word' id='word_1_86' title='bbox 2033 1011 2063 1068; x_wconf 88' lang='lat' dir='ltr'><strong>in</strong></span> <span class='ocrx_word' id='word_1_87' title='bbox 2094 1011 2152 1070; x_wconf 89' lang='lat' dir='ltr'><strong>fine</strong></span> <span class='ocrx_word' id='word_1_88' title='bbox 2181 1011 2375 1082; x_wconf 81' lang='lat' dir='ltr'><strong>mutilussit</strong></span> 
     </span>
     <span class='ocr_line' id='line_1_7' title="bbox 165 1091 2375 1194; baseline -0 -22"><span class='ocrx_word' id='word_1_89' title='bbox 165 1091 170 1100; x_wconf 33' lang='grc' dir='ltr'>Ι</span> <span class='ocrx_word' id='word_1_90' title='bbox 275 1114 349 1172; x_wconf 90' lang='lat' dir='ltr'><strong>doro</strong></span> <span class='ocrx_word' id='word_1_91' title='bbox 378 1111 518 1172; x_wconf 83' lang='lat' dir='ltr'><strong>Gibbons</strong></span> <span class='ocrx_word' id='word_1_92' title='bbox 552 1113 754 1190; x_wconf 75' lang='lat' dir='ltr'><strong>(Wertinpton</strong></span> <span class='ocrx_word' id='word_1_93' title='bbox 790 1115 941 1191; x_wconf 77' lang='lat' dir='ltr'><strong>Vicerape,</strong></span> <span class='ocrx_word' id='word_1_94' title='bbox 990 1111 1257 1187; x_wconf 78' lang='lat' dir='ltr'><strong>(instrumentalis)</strong></span> <span class='ocrx_word' id='word_1_95' title='bbox 1268 1111 1306 1194; x_wconf 72' lang='lat' dir='ltr'><strong>by</strong></span> <span class='ocrx_word' id='word_1_96' title='bbox 1320 1121 1371 1173; x_wconf 89' lang='lat' dir='ltr'><strong>aut</strong></span> <span class='ocrx_word' id='word_1_97' title='bbox 1382 1111 1518 1170; x_wconf 88' lang='lat' dir='ltr'><strong>vocabuli</strong></span> <span class='ocrx_word' id='word_1_98' title='bbox 1529 1113 1659 1189; x_wconf 84' lang='lat' dir='ltr'><strong>proximi</strong></span> <span class='ocrx_word' id='word_1_99' title='bbox 1706 1121 1796 1192; x_wconf 66' lang='lat' dir='ltr'><strong>atque</strong></span> <span class='ocrx_word' id='word_1_100' title='bbox 1826 1129 1841 1170; x_wconf 78' lang='lat' dir='ltr'><strong>t</strong></span> <span class='ocrx_word' id='word_1_101' title='bbox 1870 1111 2018 1189; x_wconf 81' lang='lat' dir='ltr'><strong>pertineat</strong></span> <span class='ocrx_word' id='word_1_102' title='bbox 2046 1111 2085 1170; x_wconf 91' lang='lat' dir='ltr'><strong>ad</strong></span> <span class='ocrx_word' id='word_1_103' title='bbox 2113 1113 2289 1171; x_wconf 82' lang='lat' dir='ltr'><strong>vocabulum</strong></span> <span class='ocrx_word' id='word_1_104' title='bbox 2320 1115 2375 1172; x_wconf 89' lang='lat' dir='ltr'><strong>ali-</strong></span> 
     </span>
     <span class='ocr_line' id='line_1_8' title="bbox 274 1207 2375 1292; baseline 0 -21"><span class='ocrx_word' id='word_1_105' title='bbox 274 1213 483 1284; x_wconf 78' lang='lat' dir='ltr'><strong>Lauitc&#39;aston,</strong></span> <span class='ocrx_word' id='word_1_106' title='bbox 529 1213 700 1290; x_wconf 82' lang='lat' dir='ltr'><strong>Corowull)</strong></span> <span class='ocrx_word' id='word_1_107' title='bbox 746 1226 834 1291; x_wconf 82' lang='lat' dir='ltr'><strong>atque</strong></span> <span class='ocrx_word' id='word_1_108' title='bbox 877 1235 943 1274; x_wconf 91' lang='lat' dir='ltr'><strong>cum</strong></span> <span class='ocrx_word' id='word_1_109' title='bbox 991 1212 1139 1292; x_wconf 78' lang='lat' dir='ltr'><strong>alr=w</strong></span> <span class='ocrx_word' id='word_1_110' title='bbox 1160 1212 1376 1272; x_wconf 87' lang='lat' dir='ltr'><strong>diversumsit.</strong></span> <span class='ocrx_word' id='word_1_111' title='bbox 1408 1211 1489 1285; x_wconf 80' lang='lat' dir='ltr'><strong>Quid</strong></span> <span class='ocrx_word' id='word_1_112' title='bbox 1505 1213 1545 1271; x_wconf 87' lang='lat' dir='ltr'><strong>sit</strong></span> <span class='ocrx_word' id='word_1_113' title='bbox 1559 1213 1659 1291; x_wconf 74' lang='lat' dir='ltr'><strong>byeus</strong></span> <span class='ocrx_word' id='word_1_114' title='bbox 1706 1214 1786 1288; x_wconf 90' lang='lat' dir='ltr'><strong>quod</strong></span> <span class='ocrx_word' id='word_1_115' title='bbox 1812 1207 1974 1288; x_wconf 78' lang='lat' dir='ltr'><strong>insequens</strong></span> <span class='ocrx_word' id='word_1_116' title='bbox 2002 1213 2202 1290; x_wconf 89' lang='lat' dir='ltr'><strong>deperditum,</strong></span> <span class='ocrx_word' id='word_1_117' title='bbox 2229 1225 2292 1272; x_wconf 91' lang='lat' dir='ltr'><strong>tum</strong></span> <span class='ocrx_word' id='word_1_118' title='bbox 2309 1218 2375 1291; x_wconf 81' lang='lat' dir='ltr'><strong>seu-</strong></span> 
     </span>
     <span class='ocr_line' id='line_1_9' title="bbox 275 1313 2376 1392; baseline 0 -19"><span class='ocrx_word' id='word_1_119' title='bbox 275 1315 401 1392; x_wconf 84' lang='lat' dir='ltr'><strong>Blightii</strong></span> <span class='ocrx_word' id='word_1_120' title='bbox 423 1315 486 1374; x_wconf 88' lang='lat' dir='ltr'><strong>fere</strong></span> <span class='ocrx_word' id='word_1_121' title='bbox 507 1317 667 1389; x_wconf 87' lang='lat' dir='ltr'><strong>consentit,</strong></span> <span class='ocrx_word' id='word_1_122' title='bbox 695 1318 726 1374; x_wconf 94' lang='lat' dir='ltr'><strong>in</strong></span> <span class='ocrx_word' id='word_1_123' title='bbox 749 1319 807 1376; x_wconf 84' lang='lat' dir='ltr'><strong>line</strong></span> <span class='ocrx_word' id='word_1_124' title='bbox 829 1325 943 1375; x_wconf 82' lang='lat' dir='ltr'><strong>tantum</strong></span> <span class='ocrx_word' id='word_1_125' title='bbox 990 1314 1133 1372; x_wconf 87' lang='lat' dir='ltr'><strong>incertum</strong></span> <span class='ocrx_word' id='word_1_126' title='bbox 1157 1331 1236 1383; x_wconf 90' lang='lat' dir='ltr'><strong>esse,</strong></span> <span class='ocrx_word' id='word_1_127' title='bbox 1259 1323 1350 1372; x_wconf 74' lang='lat' dir='ltr'><strong>eete</strong></span> <span class='ocrx_word' id='word_1_128' title='bbox 1370 1313 1483 1373; x_wconf 87' lang='lat' dir='ltr'><strong>formas</strong></span> <span class='ocrx_word' id='word_1_129' title='bbox 1499 1315 1585 1371; x_wconf 85' lang='lat' dir='ltr'><strong>iuxta</strong></span> <span class='ocrx_word' id='word_1_130' title='bbox 1599 1315 1660 1372; x_wconf 89' lang='lat' dir='ltr'><strong>usi·</strong></span> <span class='ocrx_word' id='word_1_131' title='bbox 1706 1316 1768 1372; x_wconf 80' lang='lat' dir='ltr'><strong>hdie</strong></span> <span class='ocrx_word' id='word_1_132' title='bbox 1782 1332 1884 1372; x_wconf 87' lang='lat' dir='ltr'><strong>casum</strong></span> <span class='ocrx_word' id='word_1_133' title='bbox 1900 1314 2054 1390; x_wconf 89' lang='lat' dir='ltr'><strong>obliquum</strong></span> <span class='ocrx_word' id='word_1_134' title='bbox 2070 1331 2137 1373; x_wconf 88' lang='lat' dir='ltr'><strong>esse</strong></span> <span class='ocrx_word' id='word_1_135' title='bbox 2150 1332 2239 1390; x_wconf 88' lang='lat' dir='ltr'><strong>posse</strong></span> <span class='ocrx_word' id='word_1_136' title='bbox 2252 1316 2376 1389; x_wconf 80' lang='lat' dir='ltr'><strong>aseobdt</strong></span> 
     </span>
    </p>
   </div>
   <div class='ocr_carea' id='block_1_4' title="bbox 277 1413 2376 1595">
    <p class='ocr_par' dir='ltr' id='par_1_5' title="bbox 277 1413 2376 1595">
     <span class='ocr_line' id='line_1_10' title="bbox 277 1413 2375 1492; baseline 0 -19"><span class='ocrx_word' id='word_1_137' title='bbox 277 1416 340 1474; x_wconf 66' lang='lat' dir='ltr'><strong>ui</strong></span> <span class='ocrx_word' id='word_1_138' title='bbox 367 1418 410 1475; x_wconf 81' lang='lat' dir='ltr'><strong>ita</strong></span> <span class='ocrx_word' id='word_1_139' title='bbox 430 1417 609 1475; x_wconf 87' lang='lat' dir='ltr'><strong>exhibentur</strong></span> <span class='ocrx_word' id='word_1_140' title='bbox 631 1430 943 1484; x_wconf 73' lang='lat' dir='ltr'><strong>nourerrtotcvr.</strong></span> <span class='ocrx_word' id='word_1_141' title='bbox 992 1423 1070 1473; x_wconf 78' lang='lat' dir='ltr'><strong>tatas</strong></span> <span class='ocrx_word' id='word_1_142' title='bbox 1092 1433 1160 1474; x_wconf 87' lang='lat' dir='ltr'><strong>esse</strong></span> <span class='ocrx_word' id='word_1_143' title='bbox 1181 1415 1212 1472; x_wconf 92' lang='lat' dir='ltr'><strong>in</strong></span> <span class='ocrx_word' id='word_1_144' title='bbox 1234 1417 1381 1490; x_wconf 90' lang='lat' dir='ltr'><strong>scriptura</strong></span> <span class='ocrx_word' id='word_1_145' title='bbox 1398 1415 1659 1491; x_wconf 81' lang='lat' dir='ltr'><strong>Anglossxonica3</strong></span> <span class='ocrx_word' id='word_1_146' title='bbox 1706 1413 1923 1491; x_wconf 79' lang='lat' dir='ltr'><strong>compensatio,</strong></span> <span class='ocrx_word' id='word_1_147' title='bbox 1939 1416 2033 1473; x_wconf 81' lang='lat' dir='ltr'><strong>multa</strong></span> <span class='ocrx_word' id='word_1_148' title='bbox 2048 1414 2254 1490; x_wconf 54' lang='lat' dir='ltr'><strong>(delaturum</strong></span> <span class='ocrx_word' id='word_1_149' title='bbox 2276 1419 2375 1492; x_wconf 87' lang='lat' dir='ltr'><strong>itaque</strong></span> 
     </span>
     <span class='ocr_line' id='line_1_11' title="bbox 277 1515 2376 1595; baseline 0 -19"><span class='ocrx_word' id='word_1_150' title='bbox 277 1519 417 1576; x_wconf 85' lang='lat' dir='ltr'><strong>Alterum</strong></span> <span class='ocrx_word' id='word_1_151' title='bbox 433 1518 605 1595; x_wconf 87' lang='lat' dir='ltr'><strong>exemplum</strong></span> <span class='ocrx_word' id='word_1_152' title='bbox 621 1524 722 1595; x_wconf 89' lang='lat' dir='ltr'><strong>accepi</strong></span> <span class='ocrx_word' id='word_1_153' title='bbox 742 1520 944 1578; x_wconf 87' lang='lat' dir='ltr'><strong>aWestwoo-</strong></span> <span class='ocrx_word' id='word_1_154' title='bbox 992 1525 1059 1574; x_wconf 88' lang='lat' dir='ltr'><strong>utra</strong></span> <span class='ocrx_word' id='word_1_155' title='bbox 1085 1515 1231 1573; x_wconf 85' lang='lat' dir='ltr'><strong>vetustior</strong></span> <span class='ocrx_word' id='word_1_156' title='bbox 1257 1515 1296 1573; x_wconf 84' lang='lat' dir='ltr'><strong>sit</strong></span> <span class='ocrx_word' id='word_1_157' title='bbox 1325 1533 1382 1572; x_wconf 88' lang='lat' dir='ltr'><strong>non</strong></span> <span class='ocrx_word' id='word_1_158' title='bbox 1409 1516 1483 1574; x_wconf 83' lang='lat' dir='ltr'><strong>satis</strong></span> <span class='ocrx_word' id='word_1_159' title='bbox 1511 1524 1659 1574; x_wconf 83' lang='lat' dir='ltr'><strong>constare.</strong></span> <span class='ocrx_word' id='word_1_160' title='bbox 1709 1525 1947 1586; x_wconf 83' lang='lat' dir='ltr'><strong>monumentum,</strong></span> <span class='ocrx_word' id='word_1_161' title='bbox 1975 1517 2033 1574; x_wconf 91' lang='lat' dir='ltr'><strong>hoc</strong></span> <span class='ocrx_word' id='word_1_162' title='bbox 2059 1517 2085 1574; x_wconf 94' lang='lat' dir='ltr'><strong>si</strong></span> <span class='ocrx_word' id='word_1_163' title='bbox 2109 1518 2289 1588; x_wconf 76' lang='lat' dir='ltr'><strong>rerumsit,</strong></span> <span class='ocrx_word' id='word_1_164' title='bbox 2316 1538 2376 1576; x_wconf 91' lang='lat' dir='ltr'><strong>non</strong></span> 
     </span>
    </p>
   </div>
   <div class='ocr_carea' id='block_1_5' title="bbox 275 1616 2384 1795">
    <p class='ocr_par' dir='ltr' id='par_1_6' title="bbox 275 1616 2384 1795">
     <span class='ocr_line' id='line_1_12' title="bbox 277 1616 2384 1693; baseline 0 -17"><span class='ocrx_word' id='word_1_165' title='bbox 277 1618 342 1690; x_wconf 79' lang='lat' dir='ltr'><strong>di03</strong></span> <span class='ocrx_word' id='word_1_166' title='bbox 367 1619 422 1677; x_wconf 92' lang='lat' dir='ltr'><strong>hoc</strong></span> <span class='ocrx_word' id='word_1_167' title='bbox 441 1620 582 1676; x_wconf 85' lang='lat' dir='ltr'><strong>exhibeo.</strong></span> <span class='ocrx_word' id='word_1_168' title='bbox 619 1619 650 1678; x_wconf 90' lang='lat' dir='ltr'><strong>Is</strong></span> <span class='ocrx_word' id='word_1_169' title='bbox 674 1621 797 1679; x_wconf 84' lang='lat' dir='ltr'><strong>adnotat</strong></span> <span class='ocrx_word' id='word_1_170' title='bbox 819 1621 944 1691; x_wconf 85' lang='lat' dir='ltr'><strong>litteras,</strong></span> <span class='ocrx_word' id='word_1_171' title='bbox 992 1616 1189 1693; x_wconf 76' lang='lat' dir='ltr'><strong>bligaturem</strong></span> <span class='ocrx_word' id='word_1_172' title='bbox 1212 1634 1279 1674; x_wconf 90' lang='lat' dir='ltr'><strong>esse</strong></span> <span class='ocrx_word' id='word_1_173' title='bbox 1301 1617 1431 1674; x_wconf 83' lang='lat' dir='ltr'><strong>sortasse</strong></span> <span class='ocrx_word' id='word_1_174' title='bbox 1455 1633 1470 1673; x_wconf 78' lang='grc' dir='ltr'>ε</span> <span class='ocrx_word' id='word_1_175' title='bbox 1492 1626 1522 1674; x_wconf 88' lang='lat' dir='ltr'><strong>et</strong></span> <span class='ocrx_word' id='word_1_176' title='bbox 1544 1633 1560 1674; x_wconf 74' lang='lat' dir='ltr'><strong>r</strong></span> <span class='ocrx_word' id='word_1_177' title='bbox 1582 1616 1660 1673; x_wconf 90' lang='lat' dir='ltr'><strong>litte·</strong></span> <span class='ocrx_word' id='word_1_178' title='bbox 1708 1616 1874 1691; x_wconf 84' lang='lat' dir='ltr'><strong>sepulcrale</strong></span> <span class='ocrx_word' id='word_1_179' title='bbox 1890 1634 1967 1687; x_wconf 86' lang='lat' dir='ltr'><strong>esse,</strong></span> <span class='ocrx_word' id='word_1_180' title='bbox 1988 1617 2042 1674; x_wconf 87' lang='lat' dir='ltr'><strong>scd</strong></span> <span class='ocrx_word' id='word_1_181' title='bbox 2058 1617 2201 1676; x_wconf 80' lang='lat' dir='ltr'><strong>votivum.</strong></span> <span class='ocrx_word' id='word_1_182' title='bbox 2236 1617 2384 1678; x_wconf 84' lang='lat' dir='ltr'><strong>Ceterum·</strong></span> 
     </span>
     <span class='ocr_line' id='line_1_13' title="bbox 275 1715 1926 1795; baseline -0.002 -16"><span class='ocrx_word' id='word_1_183' title='bbox 275 1737 354 1795; x_wconf 83' lang='lat' dir='ltr'><strong>quae</strong></span> <span class='ocrx_word' id='word_1_184' title='bbox 377 1723 447 1779; x_wconf 83' lang='lat' dir='ltr'><strong>sunt</strong></span> <span class='ocrx_word' id='word_1_185' title='bbox 468 1721 499 1778; x_wconf 89' lang='lat' dir='ltr'><strong>in</strong></span> <span class='ocrx_word' id='word_1_186' title='bbox 522 1720 580 1778; x_wconf 84' lang='lat' dir='ltr'><strong>fine</strong></span> <span class='ocrx_word' id='word_1_187' title='bbox 603 1720 730 1780; x_wconf 64' lang='lat' dir='ltr'><strong>velet</strong></span> <span class='ocrx_word' id='word_1_188' title='bbox 747 1723 778 1793; x_wconf 90' lang='lat'><strong>3,</strong></span> <span class='ocrx_word' id='word_1_189' title='bbox 806 1723 945 1780; x_wconf 86' lang='lat' dir='ltr'><strong>esse&#39;in-</strong></span> <span class='ocrx_word' id='word_1_190' title='bbox 991 1738 1106 1788; x_wconf 73' lang='lat' dir='ltr'><strong>rarum,</strong></span> <span class='ocrx_word' id='word_1_191' title='bbox 1135 1729 1197 1776; x_wconf 89' lang='lat' dir='ltr'><strong>tum</strong></span> <span class='ocrx_word' id='word_1_192' title='bbox 1222 1717 1397 1776; x_wconf 80' lang='lat' dir='ltr'><strong>vocabulum</strong></span> <span class='ocrx_word' id='word_1_193' title='bbox 1421 1715 1563 1775; x_wconf 77' lang='lat' dir='ltr'><strong>versus2</strong></span> <span class='ocrx_word' id='word_1_194' title='bbox 1592 1718 1661 1776; x_wconf 90' lang='lat' dir='ltr'><strong>ulti·</strong></span> <span class='ocrx_word' id='word_1_195' title='bbox 1709 1718 1747 1775; x_wconf 87' lang='lat' dir='ltr'><strong>cf.</strong></span> <span class='ocrx_word' id='word_1_196' title='bbox 1770 1716 1926 1776; x_wconf 85' lang='lat' dir='ltr'><strong>Addenda.</strong></span> 
     </span>
    </p>
   </div>
   <div class='ocr_carea' id='block_1_6' title="bbox 275 1815 517 1880">
    <p class='ocr_par' dir='ltr' id='par_1_7' title="bbox 275 1815 517 1880">
     <span class='ocr_line' id='line_1_14' title="bbox 275 1815 517 1880; baseline 0 0"><span class='ocrx_word' id='word_1_197' title='bbox 275 1821 470 1880; x_wconf 83' lang='lat' dir='ltr'><strong>certissimas.</strong></span> <span class='ocrx_word' id='word_1_198' title='bbox 511 1815 517 1828; x_wconf 69' lang='lat'>⁸</span> 
     </span>
    </p>
   </div>
   <div class='ocr_carea' id='block_1_7' title="bbox 319 1940 944 2020">
    <p class='ocr_par' dir='ltr' id='par_1_8' title="bbox 319 1940 944 2020">
     <span class='ocr_line' id='line_1_15' title="bbox 319 1940 944 2020; baseline 0.003 -22"><span class='ocrx_word' id='word_1_199' title='bbox 319 1940 456 1998; x_wconf 84' lang='lat' dir='ltr'><strong>Titulum</strong></span> <span class='ocrx_word' id='word_1_200' title='bbox 475 1941 578 2016; x_wconf 82' lang='lat' dir='ltr'><strong>lingua</strong></span> <span class='ocrx_word' id='word_1_201' title='bbox 593 1943 837 2018; x_wconf 84' lang='lat' dir='ltr'><strong>Anglosaxonica</strong></span> <span class='ocrx_word' id='word_1_202' title='bbox 853 1945 944 2020; x_wconf 90' lang='lat' dir='ltr'><strong>scrip·</strong></span> 
     </span>
    </p>
   </div>
   <div class='ocr_carea' id='block_1_8' title="bbox 154 2044 1015 2220">
    <p class='ocr_par' dir='ltr' id='par_1_9' title="bbox 154 2044 1015 2220">
     <span class='ocr_line' id='line_1_16' title="bbox 277 2044 1015 2119; baseline 0.009 -20"><span class='ocrx_word' id='word_1_203' title='bbox 277 2053 339 2099; x_wconf 88' lang='lat' dir='ltr'><strong>tum</strong></span> <span class='ocrx_word' id='word_1_204' title='bbox 368 2059 434 2100; x_wconf 86' lang='lat' dir='ltr'><strong>esse</strong></span> <span class='ocrx_word' id='word_1_205' title='bbox 461 2053 599 2118; x_wconf 63' lang='lat' dir='ltr'><strong>appetem</strong></span> <span class='ocrx_word' id='word_1_206' title='bbox 629 2044 731 2101; x_wconf 88' lang='lat' dir='ltr'><strong>omnia</strong></span> <span class='ocrx_word' id='word_1_207' title='bbox 756 2063 827 2102; x_wconf 82' lang='lat' dir='ltr'><strong>vero</strong></span> <span class='ocrx_word' id='word_1_208' title='bbox 857 2064 945 2119; x_wconf 85' lang='lat' dir='ltr'><strong>expe·</strong></span> <span class='ocrx_word' id='word_1_209' title='bbox 1012 2099 1015 2106; x_wconf 90' lang='lat'><strong>.</strong></span> 
     </span>
     <span class='ocr_line' id='line_1_17' title="bbox 154 2139 946 2220; baseline 0.003 -20"><span class='ocrx_word' id='word_1_210' title='bbox 154 2139 157 2146; x_wconf 75' lang='grc'><strong>’</strong></span> <span class='ocrx_word' id='word_1_211' title='bbox 278 2143 342 2200; x_wconf 87' lang='lat' dir='ltr'><strong>dire</strong></span> <span class='ocrx_word' id='word_1_212' title='bbox 368 2143 499 2200; x_wconf 91' lang='lat' dir='ltr'><strong>nondum</strong></span> <span class='ocrx_word' id='word_1_213' title='bbox 522 2144 646 2220; x_wconf 83' lang='lat' dir='ltr'><strong>contigit</strong></span> <span class='ocrx_word' id='word_1_214' title='bbox 668 2143 778 2203; x_wconf 81' lang='lat' dir='ltr'><strong>Carolo</strong></span> <span class='ocrx_word' id='word_1_215' title='bbox 802 2145 946 2206; x_wconf 88' lang='lat' dir='ltr'><strong>Muellen-</strong></span> 
     </span>
    </p>
   </div>
   <div class='ocr_carea' id='block_1_9' title="bbox 277 2243 946 2424">
    <p class='ocr_par' dir='ltr' id='par_1_10' title="bbox 277 2243 946 2424">
     <span class='ocr_line' id='line_1_18' title="bbox 277 2243 946 2322; baseline 0.006 -21"><span class='ocrx_word' id='word_1_216' title='bbox 277 2243 368 2301; x_wconf 86' lang='lat' dir='ltr'><strong>hoffio</strong></span> <span class='ocrx_word' id='word_1_217' title='bbox 391 2254 510 2314; x_wconf 89' lang='lat' dir='ltr'><strong>nostro,</strong></span> <span class='ocrx_word' id='word_1_218' title='bbox 538 2245 589 2320; x_wconf 90' lang='lat' dir='ltr'><strong>qui</strong></span> <span class='ocrx_word' id='word_1_219' title='bbox 615 2264 632 2302; x_wconf 88' lang='lat' dir='ltr'><strong>a</strong></span> <span class='ocrx_word' id='word_1_220' title='bbox 657 2265 703 2303; x_wconf 89' lang='lat' dir='ltr'><strong>me</strong></span> <span class='ocrx_word' id='word_1_221' title='bbox 726 2256 849 2322; x_wconf 83' lang='lat' dir='ltr'><strong>rogatus</strong></span> <span class='ocrx_word' id='word_1_222' title='bbox 873 2247 946 2305; x_wconf 87' lang='lat' dir='ltr'><strong>baec</strong></span> 
     </span>
     <span class='ocr_line' id='line_1_19' title="bbox 277 2343 945 2424; baseline 0.007 -21"><span class='ocrx_word' id='word_1_223' title='bbox 277 2345 340 2403; x_wconf 90' lang='lat' dir='ltr'><strong>fere</strong></span> <span class='ocrx_word' id='word_1_224' title='bbox 373 2345 446 2403; x_wconf 90' lang='lat' dir='ltr'><strong>mihi</strong></span> <span class='ocrx_word' id='word_1_225' title='bbox 479 2346 610 2422; x_wconf 83' lang='lat' dir='ltr'><strong>scripsit.</strong></span> <span class='ocrx_word' id='word_1_226' title='bbox 663 2343 754 2408; x_wconf 88' lang='lat' dir='ltr'><strong>Certa</strong></span> <span class='ocrx_word' id='word_1_227' title='bbox 787 2348 844 2424; x_wconf 90' lang='lat' dir='ltr'><strong>sibi</strong></span> <span class='ocrx_word' id='word_1_228' title='bbox 877 2367 945 2408; x_wconf 82' lang='lat' dir='ltr'><strong>esse</strong></span> 
     </span>
    </p>
   </div>
   <div class='ocr_carea' id='block_1_10' title="bbox 280 2412 1049 2526">
    <p class='ocr_par' dir='ltr' id='par_1_11' title="bbox 280 2412 1049 2526">
     <span class='ocr_line' id='line_1_20' title="bbox 280 2412 1049 2526; baseline 0 -22"><span class='ocrx_word' id='word_1_229' title='bbox 280 2445 411 2504; x_wconf 87' lang='lat' dir='ltr'><strong>affirmat</strong></span> <span class='ocrx_word' id='word_1_230' title='bbox 433 2465 509 2522; x_wconf 89' lang='lat' dir='ltr'><strong>quae</strong></span> <span class='ocrx_word' id='word_1_231' title='bbox 532 2466 559 2502; x_wconf 89' lang='lat' dir='ltr'><strong>v.</strong></span> <span class='ocrx_word' id='word_1_232' title='bbox 577 2447 594 2505; x_wconf 87' lang='lat'><strong>3</strong></span> <span class='ocrx_word' id='word_1_233' title='bbox 618 2447 754 2525; x_wconf 82' lang='lat' dir='ltr'><strong>legantur</strong></span> <span class='ocrx_word' id='word_1_234' title='bbox 769 2450 824 2522; x_wconf 85' lang='lat' dir='ltr'><strong>sor</strong></span> <span class='ocrx_word' id='word_1_235' title='bbox 846 2435 945 2526; x_wconf 57' lang='lat' dir='ltr'><strong>nllwy·</strong></span> <span class='ocrx_word' id='word_1_236' title='bbox 1036 2412 1049 2488; x_wconf 75' lang='lat' dir='ltr'><strong>l</strong></span> 
     </span>
    </p>
   </div>
   <div class='ocr_carea' id='block_1_11' title="bbox 279 2535 949 2930">
    <p class='ocr_par' dir='ltr' id='par_1_12' title="bbox 279 2535 949 2930">
     <span class='ocr_line' id='line_1_21' title="bbox 279 2535 946 2626; baseline 0.006 -22"><span class='ocrx_word' id='word_1_237' title='bbox 279 2547 440 2621; x_wconf 72' lang='lat' dir='ltr'><strong>aepactiul,</strong></span> <span class='ocrx_word' id='word_1_238' title='bbox 461 2567 517 2624; x_wconf 92' lang='lat' dir='ltr'><strong>pro</strong></span> <span class='ocrx_word' id='word_1_239' title='bbox 534 2535 634 2606; x_wconf 68' lang='lat' dir='ltr'><strong>dlvini</strong></span> <span class='ocrx_word' id='word_1_240' title='bbox 654 2549 762 2606; x_wconf 88' lang='lat' dir='ltr'><strong>anima.</strong></span> <span class='ocrx_word' id='word_1_241' title='bbox 800 2537 946 2626; x_wconf 67' lang='lat' dir='ltr'><strong>rllppneys</strong></span> 
     </span>
     <span class='ocr_line' id='line_1_22' title="bbox 280 2633 947 2726; baseline 0.004 -21"><span class='ocrx_word' id='word_1_242' title='bbox 280 2648 358 2705; x_wconf 90' lang='lat' dir='ltr'><strong>enim</strong></span> <span class='ocrx_word' id='word_1_243' title='bbox 382 2647 459 2705; x_wconf 85' lang='lat' dir='ltr'><strong>male</strong></span> <span class='ocrx_word' id='word_1_244' title='bbox 477 2633 621 2724; x_wconf 80' lang='lat' dir='ltr'><strong>seriptum</strong></span> <span class='ocrx_word' id='word_1_245' title='bbox 637 2645 730 2708; x_wconf 84' lang='lat' dir='ltr'><strong>rideri</strong></span> <span class='ocrx_word' id='word_1_246' title='bbox 747 2669 801 2725; x_wconf 89' lang='lat' dir='ltr'><strong>pro</strong></span> <span class='ocrx_word' id='word_1_247' title='bbox 817 2670 852 2709; x_wconf 89' lang='lat' dir='ltr'><strong>eo</strong></span> <span class='ocrx_word' id='word_1_248' title='bbox 867 2651 947 2726; x_wconf 89' lang='lat' dir='ltr'><strong>quod</strong></span> 
     </span>
     <span class='ocr_line' id='line_1_23' title="bbox 281 2737 947 2823; baseline 0.003 -15"><span class='ocrx_word' id='word_1_249' title='bbox 281 2767 349 2808; x_wconf 82' lang='lat' dir='ltr'><strong>esse</strong></span> <span class='ocrx_word' id='word_1_250' title='bbox 380 2749 515 2807; x_wconf 85' lang='lat' dir='ltr'><strong>debuerit</strong></span> <span class='ocrx_word' id='word_1_251' title='bbox 542 2737 682 2809; x_wconf 72' lang='lat' dir='ltr'><strong>Ateium</strong></span> <span class='ocrx_word' id='word_1_252' title='bbox 713 2750 777 2810; x_wconf 82' lang='lat' dir='ltr'><strong>sive</strong></span> <span class='ocrx_word' id='word_1_253' title='bbox 806 2739 947 2823; x_wconf 66' lang='lat' dir='ltr'><strong>nllwioem</strong></span> 
     </span>
     <span class='ocr_line' id='line_1_24' title="bbox 282 2851 949 2930; baseline 0.003 -22"><span class='ocrx_word' id='word_1_254' title='bbox 282 2851 326 2908; x_wconf 91' lang='lat' dir='ltr'><strong>sic</strong></span> <span class='ocrx_word' id='word_1_255' title='bbox 352 2851 430 2908; x_wconf 89' lang='lat' dir='ltr'><strong>enim</strong></span> <span class='ocrx_word' id='word_1_256' title='bbox 457 2851 487 2908; x_wconf 89' lang='lat' dir='ltr'><strong>in</strong></span> <span class='ocrx_word' id='word_1_257' title='bbox 515 2852 670 2910; x_wconf 86' lang='lat' dir='ltr'><strong>codicibus</strong></span> <span class='ocrx_word' id='word_1_258' title='bbox 698 2871 788 2930; x_wconf 81' lang='lat' dir='ltr'><strong>saepe</strong></span> <span class='ocrx_word' id='word_1_259' title='bbox 813 2874 832 2930; x_wconf 74' lang='lat' dir='ltr'><em>y</em></span> <span class='ocrx_word' id='word_1_260' title='bbox 857 2873 912 2930; x_wconf 92' lang='lat' dir='ltr'><strong>pro</strong></span> <span class='ocrx_word' id='word_1_261' title='bbox 938 2859 949 2910; x_wconf 89' lang='lat' dir='ltr'><strong>i</strong></span> 
     </span>
    </p>
   </div>
   <div class='ocr_carea' id='block_1_12' title="bbox 169 2952 946 3031">
    <p class='ocr_par' dir='ltr' id='par_1_13' title="bbox 169 2952 946 3031">
     <span class='ocr_line' id='line_1_25' title="bbox 169 2952 946 3031; baseline 0.005 -22"><span class='ocrx_word' id='word_1_262' title='bbox 169 3024 172 3028; x_wconf 11' lang='grc' dir='ltr'>ἠ</span> <span class='ocrx_word' id='word_1_263' title='bbox 282 2961 310 3009; x_wconf 91' lang='lat' dir='ltr'><strong>et</strong></span> <span class='ocrx_word' id='word_1_264' title='bbox 338 2953 369 3009; x_wconf 92' lang='lat' dir='ltr'><strong>in</strong></span> <span class='ocrx_word' id='word_1_265' title='bbox 398 2952 526 3029; x_wconf 84' lang='lat' dir='ltr'><strong>syllabis</strong></span> <span class='ocrx_word' id='word_1_266' title='bbox 555 2953 584 3009; x_wconf 88' lang='lat' dir='ltr'><strong>in</strong></span> <span class='ocrx_word' id='word_1_267' title='bbox 613 2954 690 3012; x_wconf 88' lang='lat' dir='ltr'><strong>thesi</strong></span> <span class='ocrx_word' id='word_1_268' title='bbox 720 2955 828 3031; x_wconf 87' lang='lat' dir='ltr'><strong>positis</strong></span> <span class='ocrx_word' id='word_1_269' title='bbox 858 2955 946 3013; x_wconf 88' lang='lat' dir='ltr'><strong>etium</strong></span> 
     </span>
    </p>
   </div>
   <div class='ocr_carea' id='block_1_13' title="bbox 282 3053 949 3128">
    <p class='ocr_par' dir='ltr' id='par_1_14' title="bbox 282 3053 949 3128">
     <span class='ocr_line' id='line_1_26' title="bbox 282 3053 949 3128; baseline 0.006 -19"><span class='ocrx_word' id='word_1_270' title='bbox 282 3069 337 3128; x_wconf 87' lang='lat' dir='ltr'><strong>pro</strong></span> <span class='ocrx_word' id='word_1_271' title='bbox 360 3071 374 3110; x_wconf 81' lang='lat' dir='ltr'><strong>a</strong></span> <span class='ocrx_word' id='word_1_272' title='bbox 400 3053 531 3128; x_wconf 90' lang='lat' dir='ltr'><strong>positum</strong></span> <span class='ocrx_word' id='word_1_273' title='bbox 554 3070 630 3112; x_wconf 83' lang='lat' dir='ltr'><strong>esse.</strong></span> <span class='ocrx_word' id='word_1_274' title='bbox 675 3053 750 3113; x_wconf 81' lang='lat' dir='ltr'><strong>Soul</strong></span> <span class='ocrx_word' id='word_1_275' title='bbox 771 3057 843 3114; x_wconf 88' lang='lat' dir='ltr'><strong>nibil</strong></span> <span class='ocrx_word' id='word_1_276' title='bbox 867 3057 949 3115; x_wconf 88' lang='lat' dir='ltr'><strong>aliud</strong></span> 
     </span>
    </p>
   </div>
   <div class='ocr_carea' id='block_1_14' title="bbox 282 3141 1044 3232">
    <p class='ocr_par' dir='ltr' id='par_1_15' title="bbox 282 3141 1044 3232">
     <span class='ocr_line' id='line_1_27' title="bbox 282 3141 1044 3232; baseline 0.003 -20"><span class='ocrx_word' id='word_1_277' title='bbox 282 3141 358 3212; x_wconf 59' lang='lat' dir='ltr'><strong>esse&#39;</strong></span> <span class='ocrx_word' id='word_1_278' title='bbox 368 3170 457 3229; x_wconf 85' lang='lat' dir='ltr'><strong>posse</strong></span> <span class='ocrx_word' id='word_1_279' title='bbox 472 3172 561 3229; x_wconf 86' lang='lat' dir='ltr'><strong>quam</strong></span> <span class='ocrx_word' id='word_1_280' title='bbox 577 3156 856 3232; x_wconf 84' lang='lat' dir='ltr'><strong>Anglossxonicum</strong></span> <span class='ocrx_word' id='word_1_281' title='bbox 872 3157 949 3228; x_wconf 76' lang='lat' dir='ltr'><strong>adul,</strong></span> <span class='ocrx_word' id='word_1_282' title='bbox 1038 3141 1044 3153; x_wconf 70' lang='grc'>’</span> 
     </span>
    </p>
   </div>
   <div class='ocr_carea' id='block_1_15' title="bbox 271 3255 953 3621">
    <p class='ocr_par' dir='ltr' id='par_1_16' title="bbox 271 3255 953 3621">
     <span class='ocr_line' id='line_1_28' title="bbox 282 3255 949 3326; baseline 0.007 -14"><span class='ocrx_word' id='word_1_283' title='bbox 282 3255 383 3326; x_wconf 79' lang='lat' dir='ltr'><strong>oduul,</strong></span> <span class='ocrx_word' id='word_1_284' title='bbox 410 3256 525 3324; x_wconf 82' lang='lat' dir='ltr'><strong>auima3</strong></span> <span class='ocrx_word' id='word_1_285' title='bbox 554 3257 729 3316; x_wconf 79' lang='lat' dir='ltr'><strong>vocabulum</strong></span> <span class='ocrx_word' id='word_1_286' title='bbox 751 3259 824 3316; x_wconf 93' lang='lat' dir='ltr'><strong>illud</strong></span> <span class='ocrx_word' id='word_1_287' title='bbox 847 3260 877 3318; x_wconf 89' lang='lat' dir='ltr'><strong>in</strong></span> <span class='ocrx_word' id='word_1_288' title='bbox 901 3279 949 3317; x_wconf 92' lang='lat' dir='ltr'><strong>co·</strong></span> 
     </span>
     <span class='ocr_line' id='line_1_29' title="bbox 282 3355 953 3435; baseline 0.004 -23"><span class='ocrx_word' id='word_1_289' title='bbox 282 3355 399 3414; x_wconf 87' lang='lat' dir='ltr'><strong>dicibus</strong></span> <span class='ocrx_word' id='word_1_290' title='bbox 426 3357 550 3414; x_wconf 84' lang='lat' dir='ltr'><strong>vetustis</strong></span> <span class='ocrx_word' id='word_1_291' title='bbox 578 3358 630 3414; x_wconf 85' lang='lat' dir='ltr'><strong>rix</strong></span> <span class='ocrx_word' id='word_1_292' title='bbox 657 3376 787 3435; x_wconf 89' lang='lat' dir='ltr'><strong>unquam</strong></span> <span class='ocrx_word' id='word_1_293' title='bbox 817 3361 861 3417; x_wconf 83' lang='lat' dir='ltr'><strong>ita</strong></span> <span class='ocrx_word' id='word_1_294' title='bbox 886 3359 953 3418; x_wconf 80' lang='lat' dir='ltr'><strong>seul</strong></span> 
     </span>
     <span class='ocr_line' id='line_1_30' title="bbox 284 3457 951 3533; baseline 0.007 -19"><span class='ocrx_word' id='word_1_295' title='bbox 284 3457 426 3532; x_wconf 84' lang='lat' dir='ltr'><strong>scriptum</strong></span> <span class='ocrx_word' id='word_1_296' title='bbox 453 3457 592 3533; x_wconf 89' lang='lat' dir='ltr'><strong>reperiri,</strong></span> <span class='ocrx_word' id='word_1_297' title='bbox 623 3459 702 3517; x_wconf 89' lang='lat' dir='ltr'><strong>unde</strong></span> <span class='ocrx_word' id='word_1_298' title='bbox 729 3461 846 3519; x_wconf 90' lang='lat' dir='ltr'><strong>titulum</strong></span> <span class='ocrx_word' id='word_1_299' title='bbox 872 3463 951 3519; x_wconf 90' lang='lat' dir='ltr'><strong>hunc</strong></span> 
     </span>
     <span class='ocr_line' id='line_1_31' title="bbox 271 3555 950 3621; baseline 0.009 -7"><span class='ocrx_word' id='word_1_300' title='bbox 271 3555 370 3615; x_wconf 65' lang='lat' dir='ltr'><strong>sedile</strong></span> <span class='ocrx_word' id='word_1_301' title='bbox 393 3558 514 3616; x_wconf 81' lang='lat' dir='ltr'><strong>saeculo</strong></span> <span class='ocrx_word' id='word_1_302' title='bbox 534 3559 583 3618; x_wconf 90' lang='lat' dir='ltr'><strong>XI</strong></span> <span class='ocrx_word' id='word_1_303' title='bbox 606 3561 652 3619; x_wconf 87' lang='lat' dir='ltr'><strong>vel</strong></span> <span class='ocrx_word' id='word_1_304' title='bbox 674 3561 739 3619; x_wconf 91' lang='lat' dir='ltr'><strong>XlI</strong></span> <span class='ocrx_word' id='word_1_305' title='bbox 760 3563 950 3621; x_wconf 87' lang='lat' dir='ltr'><strong>tribuendum</strong></span> 
     </span>
    </p>
   </div>
   <div class='ocr_carea' id='block_1_16' title="bbox 218 3657 1060 3740">
    <p class='ocr_par' dir='ltr' id='par_1_17' title="bbox 218 3657 1060 3740">
     <span class='ocr_line' id='line_1_32' title="bbox 218 3657 1060 3740; baseline 0.01 -23"><span class='ocrx_word' id='word_1_306' title='bbox 218 3702 225 3717; x_wconf 95' lang='lat'><strong>.</strong></span> <span class='ocrx_word' id='word_1_307' title='bbox 285 3657 389 3734; x_wconf 81' lang='lat' dir='ltr'><strong>videri.</strong></span> <span class='ocrx_word' id='word_1_308' title='bbox 433 3657 524 3733; x_wconf 83' lang='lat' dir='ltr'><strong>Quod</strong></span> <span class='ocrx_word' id='word_1_309' title='bbox 540 3673 687 3738; x_wconf 87' lang='lat' dir='ltr'><strong>sequatur</strong></span> <span class='ocrx_word' id='word_1_310' title='bbox 710 3681 727 3720; x_wconf 79' lang='lat' dir='ltr'><strong>r</strong></span> <span class='ocrx_word' id='word_1_311' title='bbox 751 3664 869 3740; x_wconf 81' lang='lat' dir='ltr'><strong>signum</strong></span> <span class='ocrx_word' id='word_1_312' title='bbox 893 3685 951 3723; x_wconf 94' lang='lat' dir='ltr'><strong>non</strong></span> <span class='ocrx_word' id='word_1_313' title='bbox 1015 3705 1060 3726; x_wconf 85' lang='lat'><strong>.-</strong></span> 
     </span>
    </p>
   </div>
   <div class='ocr_carea' id='block_1_17' title="bbox 284 3761 952 4045">
    <p class='ocr_par' dir='ltr' id='par_1_18' title="bbox 284 3761 952 4045">
     <span class='ocr_line' id='line_1_33' title="bbox 284 3761 951 3841; baseline 0.009 -23"><span class='ocrx_word' id='word_1_314' title='bbox 284 3761 380 3836; x_wconf 83' lang='lat' dir='ltr'><strong>magls</strong></span> <span class='ocrx_word' id='word_1_315' title='bbox 405 3761 463 3820; x_wconf 81' lang='lat' dir='ltr'><strong>sibi</strong></span> <span class='ocrx_word' id='word_1_316' title='bbox 486 3764 677 3839; x_wconf 85' lang='lat' dir='ltr'><strong>perspicuum</strong></span> <span class='ocrx_word' id='word_1_317' title='bbox 700 3783 880 3841; x_wconf 88' lang='lat' dir='ltr'><strong>essequam</strong></span> <span class='ocrx_word' id='word_1_318' title='bbox 903 3767 951 3824; x_wconf 87' lang='lat' dir='ltr'><strong>lit·</strong></span> 
     </span>
     <span class='ocr_line' id='line_1_34' title="bbox 284 3861 951 3943; baseline 0.012 -24"><span class='ocrx_word' id='word_1_319' title='bbox 284 3870 363 3919; x_wconf 83' lang='lat' dir='ltr'><strong>teras</strong></span> <span class='ocrx_word' id='word_1_320' title='bbox 393 3861 585 3938; x_wconf 90' lang='lat' dir='ltr'><strong>insequentes</strong></span> <span class='ocrx_word' id='word_1_321' title='bbox 615 3883 683 3924; x_wconf 88' lang='lat' dir='ltr'><strong>cum</strong></span> <span class='ocrx_word' id='word_1_322' title='bbox 713 3867 724 3925; x_wconf 86' lang='lat' dir='ltr'><strong>l</strong></span> <span class='ocrx_word' id='word_1_323' title='bbox 750 3869 951 3943; x_wconf 87' lang='lat' dir='ltr'><strong>superposito.</strong></span> 
     </span>
     <span class='ocr_line' id='line_1_35' title="bbox 284 3963 952 4045; baseline 0.009 -25"><span class='ocrx_word' id='word_1_324' title='bbox 284 3963 320 4020; x_wconf 90' lang='lat' dir='ltr'><strong>In</strong></span> <span class='ocrx_word' id='word_1_325' title='bbox 339 3963 426 4021; x_wconf 88' lang='lat' dir='ltr'><strong>titulo</strong></span> <span class='ocrx_word' id='word_1_326' title='bbox 448 3966 608 4040; x_wconf 87' lang='lat' dir='ltr'><strong>sepulcrali</strong></span> <span class='ocrx_word' id='word_1_327' title='bbox 624 3970 830 4045; x_wconf 87' lang='lat' dir='ltr'><strong>aparentibus</strong></span> <span class='ocrx_word' id='word_1_328' title='bbox 846 3971 952 4028; x_wconf 87' lang='lat' dir='ltr'><strong>aliisve</strong></span> 
     </span>
    </p>
   </div>
   <div class='ocr_carea' id='block_1_18' title="bbox 215 4057 1077 4152">
    <p class='ocr_par' dir='ltr' id='par_1_19' title="bbox 215 4057 1077 4152">
     <span class='ocr_line' id='line_1_36' title="bbox 215 4057 1077 4152; baseline 0.006 -30"><span class='ocrx_word' id='word_1_329' title='bbox 215 4085 228 4106; x_wconf 91' lang='lat'><strong>·</strong></span> <span class='ocrx_word' id='word_1_330' title='bbox 285 4065 463 4140; x_wconf 90' lang='lat' dir='ltr'><strong>propinquis</strong></span> <span class='ocrx_word' id='word_1_331' title='bbox 491 4068 590 4141; x_wconf 89' lang='lat' dir='ltr'><strong>posito</strong></span> <span class='ocrx_word' id='word_1_332' title='bbox 617 4077 686 4144; x_wconf 88' lang='lat' dir='ltr'><strong>post</strong></span> <span class='ocrx_word' id='word_1_333' title='bbox 714 4071 877 4152; x_wconf 67' lang='lat' dir='ltr'><strong>verbosor</strong></span> <span class='ocrx_word' id='word_1_334' title='bbox 899 4057 953 4129; x_wconf 76' lang='lat' dir='ltr'><strong>dt·</strong></span> <span class='ocrx_word' id='word_1_335' title='bbox 1048 4059 1077 4088; x_wconf 76' lang='grc'><strong>“’</strong></span> 
     </span>
    </p>
   </div>
   <div class='ocr_carea' id='block_1_19' title="bbox 285 4167 954 4551">
    <p class='ocr_par' dir='ltr' id='par_1_20' title="bbox 285 4167 954 4551">
     <span class='ocr_line' id='line_1_37' title="bbox 285 4167 952 4248; baseline 0.01 -26"><span class='ocrx_word' id='word_1_336' title='bbox 285 4169 374 4223; x_wconf 76' lang='lat' dir='ltr'><strong>seinse</strong></span> <span class='ocrx_word' id='word_1_337' title='bbox 395 4167 461 4224; x_wconf 70' lang='lat' dir='ltr'><strong>seul</strong></span> <span class='ocrx_word' id='word_1_338' title='bbox 481 4169 655 4228; x_wconf 82' lang='lat' dir='ltr'><strong>vocabulum</strong></span> <span class='ocrx_word' id='word_1_339' title='bbox 679 4173 846 4247; x_wconf 83' lang='lat' dir='ltr'><strong>expectari,</strong></span> <span class='ocrx_word' id='word_1_340' title='bbox 873 4172 952 4248; x_wconf 93' lang='lat' dir='ltr'><strong>quod</strong></span> 
     </span>
     <span class='ocr_line' id='line_1_38' title="bbox 286 4267 953 4346; baseline 0.012 -23"><span class='ocrx_word' id='word_1_341' title='bbox 286 4267 518 4342; x_wconf 86' lang='lat' dir='ltr'><strong>propinquitatis</strong></span> <span class='ocrx_word' id='word_1_342' title='bbox 539 4270 664 4346; x_wconf 80' lang='lat' dir='ltr'><strong>gradum</strong></span> <span class='ocrx_word' id='word_1_343' title='bbox 687 4272 810 4344; x_wconf 85' lang='lat' dir='ltr'><strong>indicet3</strong></span> <span class='ocrx_word' id='word_1_344' title='bbox 834 4275 891 4331; x_wconf 91' lang='lat' dir='ltr'><strong>hoc</strong></span> <span class='ocrx_word' id='word_1_345' title='bbox 910 4273 953 4331; x_wconf 88' lang='lat' dir='ltr'><strong>fa·</strong></span> 
     </span>
     <span class='ocr_line' id='line_1_39' title="bbox 285 4367 953 4449; baseline 0.018 -26"><span class='ocrx_word' id='word_1_346' title='bbox 285 4367 342 4425; x_wconf 89' lang='lat' dir='ltr'><strong>cile</strong></span> <span class='ocrx_word' id='word_1_347' title='bbox 363 4373 553 4427; x_wconf 84' lang='lat' dir='ltr'><strong>coniunctum</strong></span> <span class='ocrx_word' id='word_1_348' title='bbox 576 4389 645 4430; x_wconf 85' lang='lat' dir='ltr'><strong>esse</strong></span> <span class='ocrx_word' id='word_1_349' title='bbox 666 4391 757 4449; x_wconf 87' lang='lat' dir='ltr'><strong>posse</strong></span> <span class='ocrx_word' id='word_1_350' title='bbox 779 4394 844 4432; x_wconf 91' lang='lat' dir='ltr'><strong>cum</strong></span> <span class='ocrx_word' id='word_1_351' title='bbox 862 4375 953 4439; x_wconf 77' lang='lat' dir='ltr'><strong>liora,</strong></span> 
     </span>
     <span class='ocr_line' id='line_1_40' title="bbox 286 4463 954 4551; baseline 0.015 -27"><span class='ocrx_word' id='word_1_352' title='bbox 286 4468 306 4525; x_wconf 92' lang='lat' dir='ltr'><strong>i.</strong></span> <span class='ocrx_word' id='word_1_353' title='bbox 322 4487 347 4526; x_wconf 88' lang='lat' dir='ltr'><strong>e.</strong></span> <span class='ocrx_word' id='word_1_354' title='bbox 371 4487 482 4528; x_wconf 89' lang='lat' dir='ltr'><strong>eorum.</strong></span> <span class='ocrx_word' id='word_1_355' title='bbox 525 4469 610 4546; x_wconf 84' lang='lat' dir='ltr'><strong>Quae</strong></span> <span class='ocrx_word' id='word_1_356' title='bbox 632 4473 718 4532; x_wconf 90' lang='lat' dir='ltr'><strong>initio</strong></span> <span class='ocrx_word' id='word_1_357' title='bbox 740 4475 878 4551; x_wconf 80' lang='lat' dir='ltr'><strong>legantur</strong></span> <span class='ocrx_word' id='word_1_358' title='bbox 900 4463 954 4534; x_wconf 59' lang='lat' dir='ltr'><strong>ill·</strong></span> 
     </span>
    </p>
   </div>
   <div class='ocr_carea' id='block_1_20' title="bbox 283 4569 970 4656">
    <p class='ocr_par' dir='ltr' id='par_1_21' title="bbox 283 4569 970 4656">
     <span class='ocr_line' id='line_1_41' title="bbox 283 4569 970 4656; baseline 0.015 -30"><span class='ocrx_word' id='word_1_359' title='bbox 283 4570 352 4644; x_wconf 76' lang='lat' dir='ltr'><strong>peld</strong></span> <span class='ocrx_word' id='word_1_360' title='bbox 378 4573 400 4642; x_wconf 74' lang='lat' dir='ltr'><strong>d·</strong></span> <span class='ocrx_word' id='word_1_361' title='bbox 427 4569 556 4630; x_wconf 80' lang='lat' dir='ltr'><strong>Genered</strong></span> <span class='ocrx_word' id='word_1_362' title='bbox 583 4575 703 4633; x_wconf 81' lang='lat' dir='ltr'><strong>nomina</strong></span> <span class='ocrx_word' id='word_1_363' title='bbox 730 4575 857 4635; x_wconf 84' lang='lat' dir='ltr'><strong>fortasse</strong></span> <span class='ocrx_word' id='word_1_364' title='bbox 886 4595 970 4656; x_wconf 53' lang='lat' dir='ltr'><strong>esse,</strong></span> 
     </span>
    </p>
   </div>
   <div class='ocr_carea' id='block_1_21' title="bbox 255 4670 956 4862">
    <p class='ocr_par' dir='ltr' id='par_1_22' title="bbox 255 4670 956 4862">
     <span class='ocr_line' id='line_1_42' title="bbox 255 4670 955 4752; baseline 0.016 -27"><span class='ocrx_word' id='word_1_365' title='bbox 255 4683 260 4692; x_wconf 87' lang='lat'><strong>·</strong></span> <span class='ocrx_word' id='word_1_366' title='bbox 288 4670 432 4742; x_wconf 74' lang='lat' dir='ltr'><strong>iirorum3</strong></span> <span class='ocrx_word' id='word_1_367' title='bbox 460 4689 475 4728; x_wconf 86' lang='lat'><em>7</em></span> <span class='ocrx_word' id='word_1_368' title='bbox 498 4693 553 4749; x_wconf 92' lang='lat' dir='ltr'><strong>pro</strong></span> <span class='ocrx_word' id='word_1_369' title='bbox 575 4677 636 4733; x_wconf 83' lang='lat' dir='ltr'><strong>and</strong></span> <span class='ocrx_word' id='word_1_370' title='bbox 657 4675 713 4752; x_wconf 89' lang='lat' dir='ltr'><strong>(et)</strong></span> <span class='ocrx_word' id='word_1_371' title='bbox 736 4677 767 4736; x_wconf 90' lang='lat' dir='ltr'><strong>in</strong></span> <span class='ocrx_word' id='word_1_372' title='bbox 790 4679 883 4736; x_wconf 89' lang='lat' dir='ltr'><strong>titulis</strong></span> <span class='ocrx_word' id='word_1_373' title='bbox 906 4697 955 4736; x_wconf 90' lang='lat' dir='ltr'><strong>co·</strong></span> 
     </span>
     <span class='ocr_line' id='line_1_43' title="bbox 287 4771 956 4862; baseline 0.01 -33"><span class='ocrx_word' id='word_1_374' title='bbox 287 4771 461 4849; x_wconf 85' lang='lat' dir='ltr'><strong>dicibusque</strong></span> <span class='ocrx_word' id='word_1_375' title='bbox 476 4773 616 4862; x_wconf 88' lang='lat' dir='ltr'><strong>frequens</strong></span> <span class='ocrx_word' id='word_1_376' title='bbox 632 4795 707 4836; x_wconf 85' lang='lat' dir='ltr'><strong>esse.</strong></span> <span class='ocrx_word' id='word_1_377' title='bbox 741 4775 801 4838; x_wconf 89' lang='lat' dir='ltr'><strong>Sed</strong></span> <span class='ocrx_word' id='word_1_378' title='bbox 817 4780 956 4858; x_wconf 83' lang='lat' dir='ltr'><strong>exempla</strong></span> 
     </span>
    </p>
   </div>
   <div class='ocr_carea' id='block_1_22' title="bbox 161 4872 956 5060">
    <p class='ocr_par' dir='ltr' id='par_1_23' title="bbox 161 4872 956 5060">
     <span class='ocr_line' id='line_1_44' title="bbox 185 4872 955 4970; baseline 0.019 -44"><span class='ocrx_word' id='word_1_379' title='bbox 185 4927 189 4936; x_wconf 74' lang='grc'><strong>,</strong></span> <span class='ocrx_word' id='word_1_380' title='bbox 287 4872 440 4931; x_wconf 91' lang='lat' dir='ltr'><strong>nominum</strong></span> <span class='ocrx_word' id='word_1_381' title='bbox 472 4874 591 4970; x_wconf 76' lang='lat' dir='ltr'><strong>illorqm</strong></span> <span class='ocrx_word' id='word_1_382' title='bbox 625 4878 748 4951; x_wconf 87' lang='lat' dir='ltr'><strong>deesse,</strong></span> <span class='ocrx_word' id='word_1_383' title='bbox 782 4899 836 4940; x_wconf 87' lang='lat' dir='ltr'><strong>uec</strong></span> <span class='ocrx_word' id='word_1_384' title='bbox 866 4875 955 4941; x_wconf 80' lang='lat' dir='ltr'><strong>facile</strong></span> 
     </span>
     <span class='ocr_line' id='line_1_45' title="bbox 161 4975 956 5060; baseline 0.013 -28"><span class='ocrx_word' id='word_1_385' title='bbox 161 5023 166 5032; x_wconf 92' lang='lat'><strong>.</strong></span> <span class='ocrx_word' id='word_1_386' title='bbox 288 4978 455 5052; x_wconf 84' lang='lat' dir='ltr'><strong>composita</strong></span> <span class='ocrx_word' id='word_1_387' title='bbox 474 4975 567 5036; x_wconf 78' lang='lat' dir='ltr'><strong>Geire—</strong></span> <span class='ocrx_word' id='word_1_388' title='bbox 589 4979 619 5036; x_wconf 92' lang='lat' dir='ltr'><strong>in</strong></span> <span class='ocrx_word' id='word_1_389' title='bbox 642 4980 745 5056; x_wconf 83' lang='lat' dir='ltr'><strong>lingua</strong></span> <span class='ocrx_word' id='word_1_390' title='bbox 763 4983 956 5060; x_wconf 77' lang='lat' dir='ltr'><strong>Anglosaxo·</strong></span> 
     </span>
    </p>
   </div>
   <div class='ocr_carea' id='block_1_23' title="bbox 288 5076 957 5260">
    <p class='ocr_par' dir='ltr' id='par_1_24' title="bbox 288 5076 957 5260">
     <span class='ocr_line' id='line_1_46' title="bbox 288 5076 957 5157; baseline 0.016 -25"><span class='ocrx_word' id='word_1_391' title='bbox 288 5095 358 5133; x_wconf 83' lang='lat' dir='ltr'><strong>nam</strong></span> <span class='ocrx_word' id='word_1_392' title='bbox 387 5076 559 5148; x_wconf 80' lang='lat' dir='ltr'><strong>statuenda3</strong></span> <span class='ocrx_word' id='word_1_393' title='bbox 588 5081 676 5138; x_wconf 84' lang='lat' dir='ltr'><strong>etiam</strong></span> <span class='ocrx_word' id='word_1_394' title='bbox 700 5087 726 5139; x_wconf 77' lang='grc' dir='ltr'><strong>’ό</strong></span> <span class='ocrx_word' id='word_1_395' title='bbox 752 5083 790 5157; x_wconf 92' lang='lat' dir='ltr'><strong>(i.</strong></span> <span class='ocrx_word' id='word_1_396' title='bbox 812 5103 836 5142; x_wconf 91' lang='lat' dir='ltr'><strong>e.</strong></span> <span class='ocrx_word' id='word_1_397' title='bbox 866 5083 883 5141; x_wconf 91' lang='lat' dir='ltr'><strong>d</strong></span> <span class='ocrx_word' id='word_1_398' title='bbox 910 5085 957 5143; x_wconf 78' lang='lat' dir='ltr'><strong>rel</strong></span> 
     </span>
     <span class='ocr_line' id='line_1_47' title="bbox 290 5177 956 5260; baseline 0.014 -26"><span class='ocrx_word' id='word_1_399' title='bbox 290 5177 428 5254; x_wconf 76' lang='lat' dir='ltr'><strong>ls=tl1)</strong></span> <span class='ocrx_word' id='word_1_400' title='bbox 451 5180 557 5237; x_wconf 91' lang='lat' dir='ltr'><strong>mirum</strong></span> <span class='ocrx_word' id='word_1_401' title='bbox 581 5181 623 5240; x_wconf 91' lang='lat' dir='ltr'><strong>ibi</strong></span> <span class='ocrx_word' id='word_1_402' title='bbox 645 5199 727 5254; x_wconf 88' lang='lat' dir='ltr'><strong>esse,</strong></span> <span class='ocrx_word' id='word_1_403' title='bbox 751 5203 818 5242; x_wconf 90' lang='lat' dir='ltr'><strong>cum</strong></span> <span class='ocrx_word' id='word_1_404' title='bbox 839 5186 908 5260; x_wconf 74' lang='lat' dir='ltr'><strong>psld</strong></span> <span class='ocrx_word' id='word_1_405' title='bbox 928 5199 956 5243; x_wconf 87' lang='lat' dir='ltr'><strong>et</strong></span> 
     </span>
    </p>
   </div>
   <div class='ocr_carea' id='block_1_24' title="bbox 289 5279 1010 5350">
    <p class='ocr_par' dir='ltr' id='par_1_25' title="bbox 289 5279 1010 5350">
     <span class='ocr_line' id='line_1_48' title="bbox 289 5279 1010 5350; baseline 0.019 -18"><span class='ocrx_word' id='word_1_406' title='bbox 289 5279 342 5336; x_wconf 85' lang='lat' dir='ltr'><strong>red</strong></span> <span class='ocrx_word' id='word_1_407' title='bbox 363 5279 393 5336; x_wconf 91' lang='lat' dir='ltr'><strong>in</strong></span> <span class='ocrx_word' id='word_1_408' title='bbox 416 5280 449 5350; x_wconf 92' lang='lat' dir='ltr'><strong>d,</strong></span> <span class='ocrx_word' id='word_1_409' title='bbox 475 5301 535 5339; x_wconf 89' lang='lat' dir='ltr'><strong>non</strong></span> <span class='ocrx_word' id='word_1_410' title='bbox 557 5285 587 5340; x_wconf 92' lang='lat' dir='ltr'><strong>in</strong></span> <span class='ocrx_word' id='word_1_411' title='bbox 610 5281 628 5340; x_wconf 88' lang='lat' dir='ltr'><strong>d</strong></span> <span class='ocrx_word' id='word_1_412' title='bbox 650 5285 851 5345; x_wconf 84' lang='lat' dir='ltr'><strong>terminentur.</strong></span> <span class='ocrx_word' id='word_1_413' title='bbox 895 5285 957 5344; x_wconf 85' lang='lat' dir='ltr'><strong>Ne·</strong></span> <span class='ocrx_word' id='word_1_414' title='bbox 1005 5281 1010 5290; x_wconf 81' lang='grc'><strong>’</strong></span> 
     </span>
    </p>
   </div>
   <div class='ocr_carea' id='block_1_25' title="bbox 202 5380 961 6071">
    <p class='ocr_par' dir='ltr' id='par_1_26' title="bbox 224 5380 961 5868">
     <span class='ocr_line' id='line_1_49' title="bbox 291 5380 957 5468; baseline 0.02 -34"><span class='ocrx_word' id='word_1_415' title='bbox 291 5397 349 5454; x_wconf 91' lang='lat' dir='ltr'><strong>que</strong></span> <span class='ocrx_word' id='word_1_416' title='bbox 380 5380 658 5458; x_wconf 77' lang='lat' dir='ltr'><strong>ampliusprofici,</strong></span> <span class='ocrx_word' id='word_1_417' title='bbox 689 5386 714 5443; x_wconf 88' lang='lat' dir='ltr'><strong>si</strong></span> <span class='ocrx_word' id='word_1_418' title='bbox 742 5389 863 5468; x_wconf 68' lang='lat' dir='ltr'><strong>pencred</strong></span> <span class='ocrx_word' id='word_1_419' title='bbox 891 5407 957 5446; x_wconf 85' lang='lat' dir='ltr'><strong>esse</strong></span> 
     </span>
     <span class='ocr_line' id='line_1_50' title="bbox 224 5484 958 5562; baseline 0.015 -27"><span class='ocrx_word' id='word_1_420' title='bbox 224 5489 235 5508; x_wconf 95' lang='grc'><em>·</em></span> <span class='ocrx_word' id='word_1_421' title='bbox 290 5489 440 5538; x_wconf 81' lang='lat' dir='ltr'><strong>statuatur</strong></span> <span class='ocrx_word' id='word_1_422' title='bbox 461 5484 650 5560; x_wconf 88' lang='lat' dir='ltr'><strong>participium</strong></span> <span class='ocrx_word' id='word_1_423' title='bbox 674 5499 821 5562; x_wconf 85' lang='lat' dir='ltr'><strong>servatus,</strong></span> <span class='ocrx_word' id='word_1_424' title='bbox 842 5490 872 5547; x_wconf 90' lang='lat' dir='ltr'><strong>in</strong></span> <span class='ocrx_word' id='word_1_425' title='bbox 897 5491 958 5547; x_wconf 84' lang='lat' dir='ltr'><strong>rita</strong></span> 
     </span>
     <span class='ocr_line' id='line_1_51' title="bbox 290 5589 961 5666; baseline 0.015 -29"><span class='ocrx_word' id='word_1_426' title='bbox 290 5590 500 5655; x_wconf 58' lang='lat' dir='ltr'><strong>conservatum</strong></span> <span class='ocrx_word' id='word_1_427' title='bbox 536 5596 596 5643; x_wconf 89' lang='lat' dir='ltr'><strong>tum</strong></span> <span class='ocrx_word' id='word_1_428' title='bbox 630 5589 707 5646; x_wconf 90' lang='lat' dir='ltr'><strong>enim</strong></span> <span class='ocrx_word' id='word_1_429' title='bbox 742 5590 830 5647; x_wconf 87' lang='lat' dir='ltr'><strong>etiam</strong></span> <span class='ocrx_word' id='word_1_430' title='bbox 864 5590 961 5666; x_wconf 74' lang='lat' dir='ltr'><strong>cilgreld</strong></span> 
     </span>
     <span class='ocr_line' id='line_1_52' title="bbox 291 5671 959 5766; baseline 0.019 -28"><span class='ocrx_word' id='word_1_431' title='bbox 291 5671 491 5759; x_wconf 82' lang='lat' dir='ltr'><strong>participium</strong></span> <span class='ocrx_word' id='word_1_432' title='bbox 506 5685 673 5762; x_wconf 85' lang='lat' dir='ltr'><strong>habendum</strong></span> <span class='ocrx_word' id='word_1_433' title='bbox 697 5709 778 5763; x_wconf 86' lang='lat' dir='ltr'><strong>esse,</strong></span> <span class='ocrx_word' id='word_1_434' title='bbox 806 5691 886 5766; x_wconf 90' lang='lat' dir='ltr'><strong>quod</strong></span> <span class='ocrx_word' id='word_1_435' title='bbox 910 5711 959 5751; x_wconf 93' lang='lat' dir='ltr'><strong>co·</strong></span> 
     </span>
     <span class='ocr_line' id='line_1_53' title="bbox 292 5783 960 5868; baseline 0.015 -29"><span class='ocrx_word' id='word_1_436' title='bbox 292 5783 381 5858; x_wconf 84' lang='lat' dir='ltr'><strong>gitari</strong></span> <span class='ocrx_word' id='word_1_437' title='bbox 395 5797 531 5861; x_wconf 84' lang='lat' dir='ltr'><strong>nequeat.</strong></span> <span class='ocrx_word' id='word_1_438' title='bbox 562 5787 689 5862; x_wconf 88' lang='lat' dir='ltr'><strong>Deinde,</strong></span> <span class='ocrx_word' id='word_1_439' title='bbox 711 5793 735 5850; x_wconf 90' lang='lat' dir='ltr'><strong>si</strong></span> <span class='ocrx_word' id='word_1_440' title='bbox 751 5792 863 5868; x_wconf 87' lang='lat' dir='ltr'><strong>duplex</strong></span> <span class='ocrx_word' id='word_1_441' title='bbox 879 5803 960 5851; x_wconf 84' lang='lat' dir='ltr'><strong>esset</strong></span> 
     </span>
    </p>

    <p class='ocr_par' dir='ltr' id='par_1_27' title="bbox 233 5871 959 5969">
     <span class='ocr_line' id='line_1_54' title="bbox 233 5871 959 5969; baseline 0.012 -26"><span class='ocrx_word' id='word_1_442' title='bbox 233 5871 236 5878; x_wconf 22' lang='grc' dir='ltr'><strong>Δ</strong></span> <span class='ocrx_word' id='word_1_443' title='bbox 271 5883 470 5958; x_wconf 68' lang='lat' dir='ltr'><strong>subiectum,</strong></span> <span class='ocrx_word' id='word_1_444' title='bbox 486 5891 638 5964; x_wconf 84' lang='lat' dir='ltr'><strong>expectari</strong></span> <span class='ocrx_word' id='word_1_445' title='bbox 655 5893 736 5950; x_wconf 83' lang='lat' dir='ltr'><strong>verbi</strong></span> <span class='ocrx_word' id='word_1_446' title='bbox 753 5893 879 5951; x_wconf 84' lang='lat' dir='ltr'><strong>sormam</strong></span> <span class='ocrx_word' id='word_1_447' title='bbox 895 5894 959 5969; x_wconf 94' lang='lat' dir='ltr'><strong>plu-</strong></span> 
     </span>
    </p>

    <p class='ocr_par' dir='ltr' id='par_1_28' title="bbox 202 5986 960 6071">
     <span class='ocr_line' id='line_1_55' title="bbox 202 5986 960 6071; baseline 0.016 -30"><span class='ocrx_word' id='word_1_448' title='bbox 202 6015 205 6022; x_wconf 46' lang='lat'><em>*</em></span> <span class='ocrx_word' id='word_1_449' title='bbox 292 5986 394 6056; x_wconf 84' lang='lat' dir='ltr'><strong>ralem,</strong></span> <span class='ocrx_word' id='word_1_450' title='bbox 420 5989 505 6062; x_wconf 86' lang='lat' dir='ltr'><strong>sequi</strong></span> <span class='ocrx_word' id='word_1_451' title='bbox 527 5999 624 6048; x_wconf 88' lang='lat' dir='ltr'><strong>autem</strong></span> <span class='ocrx_word' id='word_1_452' title='bbox 650 6006 733 6050; x_wconf 74' lang='lat' dir='ltr'><strong>sorar</strong></span> <span class='ocrx_word' id='word_1_453' title='bbox 757 6011 781 6066; x_wconf 84' lang='lat' dir='ltr'><strong>e,</strong></span> <span class='ocrx_word' id='word_1_454' title='bbox 805 5995 884 6070; x_wconf 89' lang='lat' dir='ltr'><strong>quod</strong></span> <span class='ocrx_word' id='word_1_455' title='bbox 906 6015 960 6071; x_wconf 90' lang='lat' dir='ltr'><strong>pu·</strong></span> 
     </span>
    </p>
   </div>
   <div class='ocr_carea' id='block_1_26' title="bbox 182 6089 959 6184">
    <p class='ocr_par' dir='ltr' id='par_1_29' title="bbox 182 6089 959 6184">
     <span class='ocr_line' id='line_1_56' title="bbox 182 6089 959 6184; baseline 0.015 -41"><span class='ocrx_word' id='word_1_456' title='bbox 182 6157 185 6164; x_wconf 29' lang='lat'><strong>¹</strong></span> <span class='ocrx_word' id='word_1_457' title='bbox 292 6089 414 6146; x_wconf 81' lang='lat' dir='ltr'><strong>tandum</strong></span> <span class='ocrx_word' id='word_1_458' title='bbox 444 6091 484 6147; x_wconf 91' lang='lat' dir='ltr'><strong>sit</strong></span> <span class='ocrx_word' id='word_1_459' title='bbox 510 6109 577 6184; x_wconf 78' lang='lat' dir='ltr'><strong>esse</strong></span> <span class='ocrx_word' id='word_1_460' title='bbox 605 6103 657 6150; x_wconf 90' lang='lat' dir='ltr'><strong>aut</strong></span> <span class='ocrx_word' id='word_1_461' title='bbox 676 6090 767 6176; x_wconf 63' lang='lat' dir='ltr'><strong>[tolete</strong></span> <span class='ocrx_word' id='word_1_462' title='bbox 789 6095 841 6168; x_wconf 93' lang='lat'><strong>(=</strong></span> <span class='ocrx_word' id='word_1_463' title='bbox 859 6097 959 6168; x_wconf 76' lang='lat' dir='ltr'><strong>tirelte,</strong></span> 
     </span>
    </p>
   </div>
   <div class='ocr_carea' id='block_1_27' title="bbox 992 2193 2383 2588">
    <p class='ocr_par' dir='ltr' id='par_1_30' title="bbox 992 2185 2379 2290">
     <span class='ocr_line' id='line_1_57' title="bbox 992 2193 2379 2290; baseline 0.001 -21"><span class='ocrx_word' id='word_1_464' title='bbox 992 2210 1032 2269; x_wconf 73' lang='grc'><strong>17</strong></span> <span class='ocrx_word' id='word_1_465' title='bbox 1056 2212 1092 2268; x_wconf 91' lang='lat' dir='ltr'><strong>ln</strong></span> <span class='ocrx_word' id='word_1_466' title='bbox 1113 2210 1295 2287; x_wconf 79' lang='lat' dir='ltr'><strong>Wortlyeale</strong></span> <span class='ocrx_word' id='word_1_467' title='bbox 1309 2193 1439 2286; x_wconf 88' lang='lat' dir='ltr'><strong>praedio</strong></span> <span class='ocrx_word' id='word_1_468' title='bbox 1463 2207 1564 2284; x_wconf 84' lang='lat' dir='ltr'><strong>(Lord</strong></span> <span class='ocrx_word' id='word_1_469' title='bbox 1578 2207 1770 2283; x_wconf 81' lang='lat' dir='ltr'><strong>Fulmeutlr&#39;s)</strong></span> <span class='ocrx_word' id='word_1_470' title='bbox 1794 2228 1886 2286; x_wconf 92' lang='lat' dir='ltr'><strong>prope</strong></span> <span class='ocrx_word' id='word_1_471' title='bbox 1905 2211 2071 2284; x_wconf 81' lang='lat' dir='ltr'><strong>Cbmelsord</strong></span> <span class='ocrx_word' id='word_1_472' title='bbox 2092 2209 2148 2290; x_wconf 55' lang='lat' dir='ltr'><strong>(ll</strong></span> <span class='ocrx_word' id='word_1_473' title='bbox 2162 2213 2250 2284; x_wconf 77' lang='lat' dir='ltr'><strong>erile),</strong></span> <span class='ocrx_word' id='word_1_474' title='bbox 2272 2214 2379 2289; x_wconf 88' lang='lat' dir='ltr'><strong>cippus</strong></span> 
     </span>
    </p>

    <p class='ocr_par' dir='ltr' id='par_1_31' title="bbox 1036 2309 2383 2588">
     <span class='ocr_line' id='line_1_58' title="bbox 1036 2309 2382 2390; baseline 0.001 -20"><span class='ocrx_word' id='word_1_475' title='bbox 1036 2313 1115 2371; x_wconf 84' lang='lat' dir='ltr'><strong>altus</strong></span> <span class='ocrx_word' id='word_1_476' title='bbox 1141 2332 1170 2390; x_wconf 93' lang='lat' dir='ltr'><strong>p.</strong></span> <span class='ocrx_word' id='word_1_477' title='bbox 1192 2311 1209 2370; x_wconf 89' lang='grc'><strong>9</strong></span> <span class='ocrx_word' id='word_1_478' title='bbox 1233 2311 1293 2388; x_wconf 82' lang='lat' dir='ltr'><strong>dig.</strong></span> <span class='ocrx_word' id='word_1_479' title='bbox 1315 2312 1348 2381; x_wconf 78' lang='lat'><strong>9,</strong></span> <span class='ocrx_word' id='word_1_480' title='bbox 1374 2310 1454 2368; x_wconf 84' lang='lat' dir='ltr'><strong>latus</strong></span> <span class='ocrx_word' id='word_1_481' title='bbox 1476 2311 1545 2386; x_wconf 87' lang='lat' dir='ltr'><strong>p.&#39;3</strong></span> <span class='ocrx_word' id='word_1_482' title='bbox 1572 2309 1630 2385; x_wconf 83' lang='lat' dir='ltr'><strong>dig.</strong></span> <span class='ocrx_word' id='word_1_483' title='bbox 1652 2309 1685 2380; x_wconf 87' lang='lat'><strong>3,</strong></span> <span class='ocrx_word' id='word_1_484' title='bbox 1714 2327 1801 2384; x_wconf 90' lang='lat' dir='ltr'><strong>quem</strong></span> <span class='ocrx_word' id='word_1_485' title='bbox 1830 2311 1902 2371; x_wconf 92' lang='lat' dir='ltr'><strong>olim</strong></span> <span class='ocrx_word' id='word_1_486' title='bbox 1930 2312 1959 2368; x_wconf 89' lang='lat' dir='ltr'><strong>in</strong></span> <span class='ocrx_word' id='word_1_487' title='bbox 1986 2312 2087 2388; x_wconf 89' lang='lat' dir='ltr'><strong>pontis</strong></span> <span class='ocrx_word' id='word_1_488' title='bbox 2116 2313 2201 2372; x_wconf 84' lang='lat' dir='ltr'><strong>usum</strong></span> <span class='ocrx_word' id='word_1_489' title='bbox 2229 2324 2382 2372; x_wconf 81' lang='lat' dir='ltr'><strong>verterunt</strong></span> 
     </span>
     <span class='ocr_line' id='line_1_59' title="bbox 1051 2409 2383 2492; baseline -0.001 -20"><span class='ocrx_word' id='word_1_490' title='bbox 1051 2414 1128 2472; x_wconf 90' lang='lat' dir='ltr'><strong>unde</strong></span> <span class='ocrx_word' id='word_1_491' title='bbox 1154 2413 1250 2471; x_wconf 88' lang='lat' dir='ltr'><strong>dictus</strong></span> <span class='ocrx_word' id='word_1_492' title='bbox 1279 2420 1325 2471; x_wconf 91' lang='lat' dir='ltr'><strong>est</strong></span> <span class='ocrx_word' id='word_1_493' title='bbox 1350 2412 1393 2470; x_wconf 75' lang='lat' dir='ltr'><strong>tlte</strong></span> <span class='ocrx_word' id='word_1_494' title='bbox 1421 2409 1576 2486; x_wconf 75' lang='lat' dir='ltr'><strong>Slauplter</strong></span> <span class='ocrx_word' id='word_1_495' title='bbox 1600 2410 1723 2486; x_wconf 73' lang='lat' dir='ltr'><strong>bridpe).</strong></span> <span class='ocrx_word' id='word_1_496' title='bbox 1768 2409 1856 2470; x_wconf 89' lang='lat' dir='ltr'><strong>Nunc</strong></span> <span class='ocrx_word' id='word_1_497' title='bbox 1881 2413 1922 2470; x_wconf 91' lang='lat' dir='ltr'><strong>ibi</strong></span> <span class='ocrx_word' id='word_1_498' title='bbox 1944 2421 1991 2470; x_wconf 88' lang='lat' dir='ltr'><strong>est</strong></span> <span class='ocrx_word' id='word_1_499' title='bbox 2004 2409 2041 2471; x_wconf 76' lang='lat' dir='ltr'><strong>&#39;in</strong></span> <span class='ocrx_word' id='word_1_500' title='bbox 2064 2434 2083 2472; x_wconf 88' lang='grc' dir='ltr'><em>α</em></span> <span class='ocrx_word' id='word_1_501' title='bbox 2105 2415 2176 2472; x_wconf 86' lang='lat' dir='ltr'><strong>wild</strong></span> <span class='ocrx_word' id='word_1_502' title='bbox 2196 2425 2261 2490; x_wconf 85' lang='lat' dir='ltr'><strong>spot</strong></span> <span class='ocrx_word' id='word_1_503' title='bbox 2281 2417 2316 2492; x_wconf 78' lang='lat' dir='ltr'><strong>by</strong></span> <span class='ocrx_word' id='word_1_504' title='bbox 2338 2415 2383 2480; x_wconf 74' lang='lat' dir='ltr'><strong>tle</strong></span> 
     </span>
     <span class='ocr_line' id='line_1_60' title="bbox 1036 2511 1966 2588; baseline -0.001 -17"><span class='ocrx_word' id='word_1_505' title='bbox 1036 2515 1124 2572; x_wconf 76' lang='lat' dir='ltr'><strong>brool</strong></span> <span class='ocrx_word' id='word_1_506' title='bbox 1145 2515 1235 2572; x_wconf 80' lang='lat' dir='ltr'><strong>under</strong></span> <span class='ocrx_word' id='word_1_507' title='bbox 1257 2514 1301 2571; x_wconf 84' lang='lat' dir='ltr'><strong>tle</strong></span> <span class='ocrx_word' id='word_1_508' title='bbox 1324 2512 1404 2588; x_wconf 80' lang='lat' dir='ltr'><strong>ledpe</strong></span> <span class='ocrx_word' id='word_1_509' title='bbox 1426 2514 1460 2587; x_wconf 82' lang='lat' dir='ltr'><strong>os</strong></span> <span class='ocrx_word' id='word_1_510' title='bbox 1477 2531 1496 2570; x_wconf 83' lang='lat' dir='ltr'><strong>a</strong></span> <span class='ocrx_word' id='word_1_511' title='bbox 1518 2511 1587 2584; x_wconf 71' lang='lat' dir='ltr'><strong>reple</strong></span> <span class='ocrx_word' id='word_1_512' title='bbox 1609 2512 1697 2571; x_wconf 79' lang='lat' dir='ltr'><strong>above</strong></span> <span class='ocrx_word' id='word_1_513' title='bbox 1719 2513 1762 2570; x_wconf 82' lang='lat' dir='ltr'><strong>ilc</strong></span> <span class='ocrx_word' id='word_1_514' title='bbox 1783 2513 1847 2570; x_wconf 87' lang='lat' dir='ltr'><strong>mill</strong></span> <span class='ocrx_word' id='word_1_515' title='bbox 1867 2512 1966 2572; x_wconf 72' lang='lat' dir='ltr'><strong>Rure.</strong></span> 
     </span>
    </p>
   </div>
   <div class='ocr_carea' id='block_1_28' title="bbox 1820 3611 2298 3706">
    <p class='ocr_par' dir='ltr' id='par_1_32' title="bbox 1820 3611 2298 3706">
     <span class='ocr_line' id='line_1_61' title="bbox 1820 3611 2298 3706; baseline -0.004 -36"><span class='ocrx_word' id='word_1_516' title='bbox 1820 3611 1922 3676; x_wconf 82' lang='lat' dir='ltr'><strong>Latini</strong></span> <span class='ocrx_word' id='word_1_517' title='bbox 1943 3617 1969 3670; x_wconf 89' lang='lat' dir='ltr'><strong>ic</strong></span> <span class='ocrx_word' id='word_1_518' title='bbox 1990 3617 2059 3706; x_wconf 75' lang='lat' dir='ltr'><strong>iaq&#39;t</strong></span> <span class='ocrx_word' id='word_1_519' title='bbox 2073 3614 2155 3687; x_wconf 80' lang='lat' dir='ltr'><strong>filius</strong></span> <span class='ocrx_word' id='word_1_520' title='bbox 2178 3612 2298 3687; x_wconf 64' lang='lat' dir='ltr'><strong>Megari</strong></span> 
     </span>
    </p>
   </div>
   <div class='ocr_carea' id='block_1_29' title="bbox 1727 4379 2392 4458">
    <p class='ocr_par' dir='ltr' id='par_1_33' title="bbox 1727 4379 2392 4458">
     <span class='ocr_line' id='line_1_62' title="bbox 1727 4379 2392 4458; baseline -0.003 -18"><span class='ocrx_word' id='word_1_521' title='bbox 1727 4384 1905 4458; x_wconf 78' lang='lat' dir='ltr'><strong>Anonymus</strong></span> <span class='ocrx_word' id='word_1_522' title='bbox 1936 4385 1966 4438; x_wconf 90' lang='lat' dir='ltr'><strong>in</strong></span> <span class='ocrx_word' id='word_1_523' title='bbox 2000 4379 2081 4440; x_wconf 73' lang='lat' dir='ltr'><strong>Geni.</strong></span> <span class='ocrx_word' id='word_1_524' title='bbox 2115 4401 2189 4456; x_wconf 60' lang='grc' dir='ltr'>πῖαρ.</span> <span class='ocrx_word' id='word_1_525' title='bbox 2227 4382 2279 4451; x_wconf 86' lang='grc'><strong>15,</strong></span> <span class='ocrx_word' id='word_1_526' title='bbox 2314 4381 2392 4439; x_wconf 79' lang='grc'><strong>1745</strong></span> 
     </span>
    </p>
   </div>
   <div class='ocr_carea' id='block_1_30' title="bbox 1689 4481 2392 4563">
    <p class='ocr_par' dir='ltr' id='par_1_34' title="bbox 1689 4481 2392 4563">
     <span class='ocr_line' id='line_1_63' title="bbox 1689 4481 2392 4563; baseline -0.007 -19"><span class='ocrx_word' id='word_1_527' title='bbox 1689 4486 1694 4494; x_wconf 87' lang='grc'><strong>’</strong></span> <span class='ocrx_word' id='word_1_528' title='bbox 1728 4506 1757 4563; x_wconf 96' lang='lat' dir='ltr'><strong>p.</strong></span> <span class='ocrx_word' id='word_1_529' title='bbox 1770 4485 1844 4554; x_wconf 76' lang='lat'><strong>3043</strong></span> <span class='ocrx_word' id='word_1_530' title='bbox 1860 4483 1986 4542; x_wconf 85' lang='lat' dir='ltr'><strong>Borluse</strong></span> <span class='ocrx_word' id='word_1_531' title='bbox 2005 4483 2151 4544; x_wconf 80' lang='lat' dir='ltr'><strong>Corowall</strong></span> <span class='ocrx_word' id='word_1_532' title='bbox 2164 4505 2193 4562; x_wconf 90' lang='lat' dir='ltr'><strong>p.</strong></span> <span class='ocrx_word' id='word_1_533' title='bbox 2205 4483 2266 4541; x_wconf 84' lang='lat'><strong>360</strong></span> <span class='ocrx_word' id='word_1_534' title='bbox 2281 4483 2340 4540; x_wconf 87' lang='lat' dir='ltr'><strong>tab.</strong></span> <span class='ocrx_word' id='word_1_535' title='bbox 2354 4481 2392 4539; x_wconf 82' lang='lat'><strong>35</strong></span> 
     </span>
    </p>
   </div>
   <div class='ocr_carea' id='block_1_31' title="bbox 1728 4581 2401 5070">
    <p class='ocr_par' dir='ltr' id='par_1_35' title="bbox 1728 4581 2401 5070">
     <span class='ocr_line' id='line_1_64' title="bbox 1728 4581 2394 4663; baseline -0.009 -17"><span class='ocrx_word' id='word_1_536' title='bbox 1728 4587 1778 4663; x_wconf 83' lang='lat' dir='ltr'><strong>lig.</strong></span> <span class='ocrx_word' id='word_1_537' title='bbox 1806 4587 1823 4646; x_wconf 88' lang='lat'>6</span> <span class='ocrx_word' id='word_1_538' title='bbox 1860 4586 1947 4662; x_wconf 89' lang='lat' dir='ltr'><strong>(inde</strong></span> <span class='ocrx_word' id='word_1_539' title='bbox 1982 4583 2102 4660; x_wconf 82' lang='lat' dir='ltr'><strong>Lysons</strong></span> <span class='ocrx_word' id='word_1_540' title='bbox 2136 4586 2153 4643; x_wconf 87' lang='lat'><strong>3</strong></span> <span class='ocrx_word' id='word_1_541' title='bbox 2190 4603 2218 4660; x_wconf 86' lang='lat' dir='ltr'><strong>p.</strong></span> <span class='ocrx_word' id='word_1_542' title='bbox 2246 4581 2394 4652; x_wconf 82' lang='lat' dir='ltr'><strong>ccxx1;</strong></span> 
     </span>
     <span class='ocr_line' id='line_1_65' title="bbox 1729 4676 2394 4764; baseline -0.006 -17"><span class='ocrx_word' id='word_1_543' title='bbox 1729 4688 1787 4747; x_wconf 83' lang='lat' dir='ltr'><strong>Th.</strong></span> <span class='ocrx_word' id='word_1_544' title='bbox 1803 4688 1927 4764; x_wconf 82' lang='lat' dir='ltr'><strong>Wright</strong></span> <span class='ocrx_word' id='word_1_545' title='bbox 1947 4687 1991 4746; x_wconf 79' lang='lat' dir='ltr'><strong>tle</strong></span> <span class='ocrx_word' id='word_1_546' title='bbox 2010 4687 2072 4746; x_wconf 84' lang='lat' dir='ltr'><strong>Celt</strong></span> <span class='ocrx_word' id='word_1_547' title='bbox 2091 4707 2119 4764; x_wconf 97' lang='lat' dir='ltr'><strong>p.</strong></span> <span class='ocrx_word' id='word_1_548' title='bbox 2136 4686 2216 4761; x_wconf 81' lang='lat'>456)</span> <span class='ocrx_word' id='word_1_549' title='bbox 2238 4705 2325 4762; x_wconf 90' lang='lat' dir='ltr'><strong>quem</strong></span> <span class='ocrx_word' id='word_1_550' title='bbox 2349 4676 2394 4744; x_wconf 75' lang='lat' dir='ltr'><strong>se-</strong></span> 
     </span>
     <span class='ocr_line' id='line_1_66' title="bbox 1729 4785 2395 4866; baseline -0.008 -17"><span class='ocrx_word' id='word_1_551' title='bbox 1729 4809 1818 4866; x_wconf 87' lang='lat' dir='ltr'><strong>quor3</strong></span> <span class='ocrx_word' id='word_1_552' title='bbox 1853 4788 1973 4850; x_wconf 85' lang='lat' dir='ltr'><strong>Gilbert</strong></span> <span class='ocrx_word' id='word_1_553' title='bbox 1998 4807 2099 4865; x_wconf 80' lang='lat' dir='ltr'><strong>surccy</strong></span> <span class='ocrx_word' id='word_1_554' title='bbox 2125 4809 2154 4866; x_wconf 90' lang='lat' dir='ltr'><strong>p.</strong></span> <span class='ocrx_word' id='word_1_555' title='bbox 2176 4785 2253 4860; x_wconf 72' lang='lat'><strong>2033</strong></span> <span class='ocrx_word' id='word_1_556' title='bbox 2286 4787 2395 4846; x_wconf 89' lang='lat' dir='ltr'><strong>Pedler</strong></span> 
     </span>
     <span class='ocr_line' id='line_1_67' title="bbox 1729 4888 2395 4966; baseline -0.006 -16"><span class='ocrx_word' id='word_1_557' title='bbox 1729 4912 1758 4950; x_wconf 90' lang='lat' dir='ltr'><strong>n.</strong></span> <span class='ocrx_word' id='word_1_558' title='bbox 1775 4892 1807 4962; x_wconf 78' lang='lat'><strong>33</strong></span> <span class='ocrx_word' id='word_1_559' title='bbox 1831 4891 1965 4949; x_wconf 85' lang='lat' dir='ltr'><strong>Maclean</strong></span> <span class='ocrx_word' id='word_1_560' title='bbox 1989 4891 2098 4966; x_wconf 74' lang='lat' dir='ltr'><strong>history</strong></span> <span class='ocrx_word' id='word_1_561' title='bbox 2118 4891 2154 4963; x_wconf 84' lang='lat' dir='ltr'><strong>os</strong></span> <span class='ocrx_word' id='word_1_562' title='bbox 2166 4891 2253 4966; x_wconf 65' lang='lat' dir='ltr'><strong>temp</strong></span> <span class='ocrx_word' id='word_1_563' title='bbox 2269 4888 2395 4947; x_wconf 82' lang='lat' dir='ltr'><strong>Minorl</strong></span> 
     </span>
     <span class='ocr_line' id='line_1_68' title="bbox 1729 4991 2401 5070; baseline -0.003 -20"><span class='ocrx_word' id='word_1_564' title='bbox 1729 5012 1758 5069; x_wconf 90' lang='lat' dir='ltr'><strong>p.</strong></span> <span class='ocrx_word' id='word_1_565' title='bbox 1780 4993 1838 5052; x_wconf 80' lang='lat'><strong>583</strong></span> <span class='ocrx_word' id='word_1_566' title='bbox 1869 4991 1955 5066; x_wconf 91' lang='lat' dir='ltr'><strong>(inde</strong></span> <span class='ocrx_word' id='word_1_567' title='bbox 1977 4992 2026 5050; x_wconf 89' lang='lat' dir='ltr'><strong>W.</strong></span> <span class='ocrx_word' id='word_1_568' title='bbox 2047 4991 2127 5069; x_wconf 78' lang='lat' dir='ltr'><strong>dago</strong></span> <span class='ocrx_word' id='word_1_569' title='bbox 2151 4992 2348 5070; x_wconf 32' lang='lat' dir='ltr'><strong>proceedinps&#39;</strong></span> <span class='ocrx_word' id='word_1_570' title='bbox 2365 4992 2401 5064; x_wconf 84' lang='lat' dir='ltr'><strong>os</strong></span> 
     </span>
    </p>
   </div>
   <div class='ocr_carea' id='block_1_32' title="bbox 1605 5091 2395 5171">
    <p class='ocr_par' dir='ltr' id='par_1_36' title="bbox 1605 5091 2395 5171">
     <span class='ocr_line' id='line_1_69' title="bbox 1605 5091 2395 5171; baseline -0.008 -15"><span class='ocrx_word' id='word_1_571' title='bbox 1605 5115 1608 5124; x_wconf 83' lang='grc'><strong>’</strong></span> <span class='ocrx_word' id='word_1_572' title='bbox 1730 5095 1774 5154; x_wconf 73' lang='lat' dir='ltr'><strong>tlte</strong></span> <span class='ocrx_word' id='word_1_573' title='bbox 1801 5099 1905 5171; x_wconf 79' lang='lat' dir='ltr'><strong>society</strong></span> <span class='ocrx_word' id='word_1_574' title='bbox 1932 5096 1967 5167; x_wconf 88' lang='lat' dir='ltr'><strong>os</strong></span> <span class='ocrx_word' id='word_1_575' title='bbox 1988 5099 2077 5170; x_wconf 82' lang='lat' dir='ltr'><strong>antiq.</strong></span> <span class='ocrx_word' id='word_1_576' title='bbox 2105 5092 2138 5151; x_wconf 90' lang='lat' dir='ltr'><strong>ll</strong></span> <span class='ocrx_word' id='word_1_577' title='bbox 2164 5093 2197 5165; x_wconf 80' lang='lat'><strong>5,</strong></span> <span class='ocrx_word' id='word_1_578' title='bbox 2228 5091 2395 5150; x_wconf 78' lang='lat'>1870-73</span> 
     </span>
    </p>
   </div>
   <div class='ocr_carea' id='block_1_33' title="bbox 1730 5187 2397 5272">
    <p class='ocr_par' dir='ltr' id='par_1_37' title="bbox 1730 5187 2397 5272">
     <span class='ocr_line' id='line_1_70' title="bbox 1730 5187 2397 5272; baseline -0.006 -18"><span class='ocrx_word' id='word_1_579' title='bbox 1730 5215 1759 5271; x_wconf 90' lang='lat' dir='ltr'><strong>p.</strong></span> <span class='ocrx_word' id='word_1_580' title='bbox 1780 5187 1870 5272; x_wconf 82' lang='lat'><strong>4&#39;83).</strong></span> <span class='ocrx_word' id='word_1_581' title='bbox 1918 5195 1943 5252; x_wconf 93' lang='lat' dir='ltr'><strong>I.</strong></span> <span class='ocrx_word' id='word_1_582' title='bbox 1969 5193 2071 5271; x_wconf 90' lang='lat' dir='ltr'><strong>Rhys,</strong></span> <span class='ocrx_word' id='word_1_583' title='bbox 2104 5195 2155 5270; x_wconf 90' lang='lat' dir='ltr'><strong>qui</strong></span> <span class='ocrx_word' id='word_1_584' title='bbox 2188 5213 2281 5270; x_wconf 87' lang='lat' dir='ltr'><strong>nuper</strong></span> <span class='ocrx_word' id='word_1_585' title='bbox 2313 5193 2397 5264; x_wconf 80' lang='lat' dir='ltr'><strong>vidit,</strong></span> 
     </span>
    </p>
   </div>
   <div class='ocr_carea' id='block_1_34' title="bbox 1730 5294 2398 5356">
    <p class='ocr_par' dir='ltr' id='par_1_38' title="bbox 1730 5294 2398 5356">
     <span class='ocr_line' id='line_1_71' title="bbox 1730 5294 2398 5356; baseline -0.004 -1"><span class='ocrx_word' id='word_1_586' title='bbox 1730 5317 1759 5356; x_wconf 83' lang='lat' dir='ltr'><strong>v.</strong></span> <span class='ocrx_word' id='word_1_587' title='bbox 1777 5295 1793 5354; x_wconf 83' lang='lat'><strong>2</strong></span> <span class='ocrx_word' id='word_1_588' title='bbox 1822 5313 1848 5354; x_wconf 74' lang='lat' dir='ltr'>c</span> <span class='ocrx_word' id='word_1_589' title='bbox 1868 5297 1998 5355; x_wconf 86' lang='lat' dir='ltr'><strong>litteram</strong></span> <span class='ocrx_word' id='word_1_590' title='bbox 2010 5301 2164 5354; x_wconf 83' lang='lat' dir='ltr'><strong>&#39;incertam</strong></span> <span class='ocrx_word' id='word_1_591' title='bbox 2188 5314 2253 5355; x_wconf 86' lang='lat' dir='ltr'><strong>csse</strong></span> <span class='ocrx_word' id='word_1_592' title='bbox 2275 5294 2398 5353; x_wconf 84' lang='lat' dir='ltr'><strong>adnotat</strong></span> 
     </span>
    </p>
   </div>
   <div class='ocr_carea' id='block_1_35' title="bbox 1726 5386 2401 6166">
    <p class='ocr_par' dir='ltr' id='par_1_39' title="bbox 1726 5386 2401 6166">
     <span class='ocr_line' id='line_1_72' title="bbox 1732 5386 2396 5474; baseline 0 -20"><span class='ocrx_word' id='word_1_593' title='bbox 1732 5399 1815 5472; x_wconf 88' lang='lat' dir='ltr'><strong>(nam</strong></span> <span class='ocrx_word' id='word_1_594' title='bbox 1839 5386 2085 5472; x_wconf 77' lang='lat' dir='ltr'><strong>etiam⁸Mapiuri,</strong></span> <span class='ocrx_word' id='word_1_595' title='bbox 2102 5397 2244 5474; x_wconf 71' lang='lat' dir='ltr'><strong>disparari</strong></span> <span class='ocrx_word' id='word_1_596' title='bbox 2266 5407 2317 5454; x_wconf 89' lang='lat' dir='ltr'><strong>aut</strong></span> <span class='ocrx_word' id='word_1_597' title='bbox 2332 5396 2396 5454; x_wconf 85' lang='grc' dir='ltr'><strong>Μα-</strong></span> 
     </span>
     <span class='ocr_line' id='line_1_73' title="bbox 1726 5498 2398 5576; baseline 0 -20"><span class='ocrx_word' id='word_1_598' title='bbox 1726 5502 1800 5575; x_wconf 76' lang='lat' dir='ltr'><strong>Jiari</strong></span> <span class='ocrx_word' id='word_1_599' title='bbox 1820 5500 1880 5576; x_wconf 84' lang='lat' dir='ltr'><strong>legi</strong></span> <span class='ocrx_word' id='word_1_600' title='bbox 1902 5498 2019 5576; x_wconf 29' lang='lat' dir='ltr'><strong>posse),</strong></span> <span class='ocrx_word' id='word_1_601' title='bbox 2033 5509 2061 5556; x_wconf 87' lang='lat' dir='ltr'><strong>et</strong></span> <span class='ocrx_word' id='word_1_602' title='bbox 2083 5501 2191 5559; x_wconf 82' lang='lat' dir='ltr'><strong>lineam</strong></span> <span class='ocrx_word' id='word_1_603' title='bbox 2214 5499 2246 5568; x_wconf 84' lang='lat' dir='ltr'><strong>in</strong></span> <span class='ocrx_word' id='word_1_604' title='bbox 2266 5499 2324 5557; x_wconf 85' lang='lat' dir='ltr'><strong>line</strong></span> <span class='ocrx_word' id='word_1_605' title='bbox 2347 5516 2398 5573; x_wconf 93' lang='lat' dir='ltr'><strong>po·</strong></span> 
     </span>
     <span class='ocr_line' id='line_1_74' title="bbox 1732 5600 2396 5677; baseline -0.006 -18"><span class='ocrx_word' id='word_1_606' title='bbox 1732 5601 1820 5659; x_wconf 87' lang='lat' dir='ltr'><strong>situm</strong></span> <span class='ocrx_word' id='word_1_607' title='bbox 1836 5600 2012 5677; x_wconf 86' lang='lat' dir='ltr'><strong>longiorem,</strong></span> <span class='ocrx_word' id='word_1_608' title='bbox 2027 5620 2116 5677; x_wconf 85' lang='lat' dir='ltr'><strong>quam</strong></span> <span class='ocrx_word' id='word_1_609' title='bbox 2131 5603 2161 5659; x_wconf 91' lang='lat' dir='ltr'><strong>in</strong></span> <span class='ocrx_word' id='word_1_610' title='bbox 2176 5601 2307 5676; x_wconf 86' lang='lat' dir='ltr'><strong>imagine</strong></span> <span class='ocrx_word' id='word_1_611' title='bbox 2322 5617 2396 5662; x_wconf 77' lang='lat' dir='ltr'><strong>mea.</strong></span> 
     </span>
     <span class='ocr_line' id='line_1_75' title="bbox 1733 5701 2397 5776; baseline -0.005 -14"><span class='ocrx_word' id='word_1_612' title='bbox 1733 5701 1874 5762; x_wconf 85' lang='lat' dir='ltr'><strong>Ceterum</strong></span> <span class='ocrx_word' id='word_1_613' title='bbox 1907 5703 1985 5761; x_wconf 91' lang='lat' dir='ltr'><strong>idem</strong></span> <span class='ocrx_word' id='word_1_614' title='bbox 2019 5705 2183 5761; x_wconf 85' lang='lat' dir='ltr'><strong>litterarum</strong></span> <span class='ocrx_word' id='word_1_615' title='bbox 2217 5701 2397 5776; x_wconf 84' lang='lat' dir='ltr'><strong>Celticarum</strong></span> 
     </span>
     <span class='ocr_line' id='line_1_76' title="bbox 1733 5803 2401 5881; baseline -0.001 -21"><span class='ocrx_word' id='word_1_616' title='bbox 1733 5805 1860 5879; x_wconf 82' lang='lat' dir='ltr'><strong>vestigia</strong></span> <span class='ocrx_word' id='word_1_617' title='bbox 1893 5821 2049 5881; x_wconf 85' lang='lat' dir='ltr'><strong>superesse</strong></span> <span class='ocrx_word' id='word_1_618' title='bbox 2081 5805 2195 5881; x_wconf 86' lang='lat' dir='ltr'><strong>primus</strong></span> <span class='ocrx_word' id='word_1_619' title='bbox 2228 5803 2401 5863; x_wconf 78' lang='lat' dir='ltr'><strong>observarit</strong></span> 
     </span>
     <span class='ocr_line' id='line_1_77' title="bbox 1733 5904 2400 5982; baseline 0 -20"><span class='ocrx_word' id='word_1_620' title='bbox 1733 5906 1762 5964; x_wconf 91' lang='lat' dir='ltr'><strong>in</strong></span> <span class='ocrx_word' id='word_1_621' title='bbox 1785 5904 1913 5982; x_wconf 81' lang='lat' dir='ltr'><strong>angulis,</strong></span> <span class='ocrx_word' id='word_1_622' title='bbox 1935 5907 2109 5982; x_wconf 87' lang='lat' dir='ltr'><strong>praesertim</strong></span> <span class='ocrx_word' id='word_1_623' title='bbox 2133 5908 2163 5965; x_wconf 93' lang='lat' dir='ltr'><strong>in</strong></span> <span class='ocrx_word' id='word_1_624' title='bbox 2186 5906 2293 5965; x_wconf 87' lang='lat' dir='ltr'><strong>dextro</strong></span> <span class='ocrx_word' id='word_1_625' title='bbox 2307 5906 2400 5964; x_wconf 84' lang='lat' dir='ltr'><strong>latere</strong></span> 
     </span>
     <span class='ocr_line' id='line_1_78' title="bbox 1734 6007 2400 6083; baseline 0 -19"><span class='ocrx_word' id='word_1_626' title='bbox 1734 6007 1904 6082; x_wconf 86' lang='lat' dir='ltr'><strong>superiore,</strong></span> <span class='ocrx_word' id='word_1_627' title='bbox 1933 6026 2010 6083; x_wconf 85' lang='lat' dir='ltr'><strong>quae</strong></span> <span class='ocrx_word' id='word_1_628' title='bbox 2039 6008 2064 6064; x_wconf 90' lang='lat' dir='ltr'><strong>ei</strong></span> <span class='ocrx_word' id='word_1_629' title='bbox 2093 6009 2159 6066; x_wconf 83' lang='lat' dir='ltr'><strong>risa</strong></span> <span class='ocrx_word' id='word_1_630' title='bbox 2185 6017 2254 6066; x_wconf 87' lang='lat' dir='ltr'><strong>sunt</strong></span> <span class='ocrx_word' id='word_1_631' title='bbox 2283 6007 2400 6066; x_wconf 83' lang='lat' dir='ltr'><strong>efficere</strong></span> 
     </span>
     <span class='ocr_line' id='line_1_79' title="bbox 1734 6107 2019 6166; baseline 0.004 -2"><span class='ocrx_word' id='word_1_632' title='bbox 1734 6107 1821 6166; x_wconf 90' lang='lat' dir='ltr'><strong>baec:</strong></span> <span class='ocrx_word' id='word_1_633' title='bbox 1847 6113 2019 6166; x_wconf 69' lang='lat' dir='ltr'><strong>2..ri....</strong></span> 
     </span>
    </p>
   </div>
   <div class='ocr_carea' id='block_1_36' title="bbox 0 0 2656 6868">
    <p class='ocr_par' dir='ltr' id='par_1_40' title="bbox 0 0 2656 6868">
     <span class='ocr_line' id='line_1_80' title="bbox 0 0 2656 6868; baseline 0 0"><span class='ocrx_word' id='word_1_634' title='bbox 0 0 2656 6868; x_wconf 95' lang='lat' dir='ltr'><strong> </strong></span> 
     </span>
    </p>
   </div>
  </div>
 </body>
</html>
