5258 6872
1282 470 1336 545 Ill

258 703 298 752 re
331 673 522 774 adscripsi.
543 675 638 749 inira
669 651 852 774 integrum
879 675 949 749 viri
981 675 1081 752 docti
1113 677 1265 752 alicuius
1292 676 1525 776 Francogalli
1556 676 1869 774 testimonium1).
1924 673 2060 775 (lippos
2092 675 2204 772 igitur
2236 675 2358 775 sepul·
2406 731 2408 736 -
2445 691 2448 698 ’

259 805 374 880 orales
404 803 469 896 vel·
495 801 619 901 potius
650 802 742 902 pilas
770 802 934 902 lapideas
961 805 1071 878 rudes
1097 804 1292 906 inscriptas
1319 831 1363 910 ea
1388 806 1466 880 fere
1491 804 1654 894 ratione,
1691 801 1766 904 qua
1793 783 1990 904 inscriptus
2018 814 2075 878 est
2100 802 2193 903 lapis
2219 803 2358 904 Epore-

260 932 407 1022 diensiS,
437 943 516 1004 tum
545 930 655 1003 etiam
682 931 897 1005 recentioris
925 932 1056 1006 aetatis
1083 932 1225 1006 ratione
1252 933 1361 1008 solita
1388 934 1594 1033 inscriptas,
1621 933 1752 1006 deinde
1780 957 1908 1008 cruces
1934 944 2012 1006 tam
2038 931 2219 1032 simplices
2247 953 2358 1026 quam

260 1060 370 1134 variis
405 1058 630 1133 ornamentis
658 1067 819 1156 ornatas·
835 1059 996 1157 itemque
1022 1059 1234 1160 inscriptas,
1271 1086 1365 1158 quae
1390 1061 1426 1166 in
1454 1061 1666 1135 Britanniae
1693 1060 1802 1136 variis
1829 1061 2038 1159 regionibus
2064 1068 2232 1159 repertae
2258 1068 2357 1148 sunt,

261 1190 439 1264 ducentas
466 1188 549 1286 plus
577 1187 710 1278 minus,
739 1187 873 1285 quibus
900 1189 1082 1292 accedunt
1109 1189 1203 1264 alius
1229 1190 1373 1287 generis
1401 1191 1446 1264 de
1474 1189 1605 1296 quibus
1624 1189 1720 1264 intra
1738 1183 1880 1266 dicetur
1898 1187 2103 1276 accuratius
2121 1195 2358 1262 monumenta

259 1317 377 1390 multo
405 1315 591 1416 pauciora,
621 1315 759 1390 scilicet
785 1315 936 1414 triginta
963 1315 1048 1414 plus
1074 1316 1206 1407 minus,
1235 1317 1271 1390 in
1299 1317 1369 1392 hac
1396 1319 1536 1420 sylloge
1563 1318 1753 1417 conposui.

414 1573 448 1645 3.
504 1570 771 1668 Conlegerunt,
806 1582 846 1644 ut
879 1543 1165 1646 consentaneum
1199 1585 1271 1662 est,
1308 1574 1375 1648 hos
1412 1541 1560 1672 quoqne
1593 1573 1723 1650 titulos
1755 1573 1921 1647 homines
1955 1598 2027 1648 uon
2055 1572 2164 1673 pauci
2189 1567 2507 1645 Britannisucrous

261 1726 304 1774 ea
338 1700 547 1791 sedulitate,
581 1725 625 1772 co
656 1699 798 1798 patriae
825 1725 966 1790 amore,
1004 1725 1047 1774 ea
1073 1701 1108 1772 in
1137 1703 1247 1776 rebus
1273 1701 1344 1776 illis
1371 1701 1540 1800 gerendis
1567 1701 1798 1792 liberalitate,
1827 1701 1959 1798 quibus
1987 1699 2198 1776 vetustioris
2226 1696 2356 1772 aetatis
2383 1781 2386 1788 ,

136 1865 139 1872 ¹
259 1839 498 1902 monumenta
525 1827 691 1902 Romana
722 1827 757 1900 in
786 1809 977 1900 Britannia
1010 1829 1176 1902 conlecta
1208 1829 1306 1903 edita
1333 1811 1479 1904 servata
1505 1855 1584 1904 csse
1612 1830 1649 1903 in
1675 1829 1823 1904 maioris
1851 1830 2014 1928 syllogae
2041 1829 2268 1929 praelatione
2295 1829 2357 1902 de·

260 1941 476 2032 monstravi.
530 1947 653 2052 Atque
685 1955 949 2054 antiquissimis
982 1955 1055 2028 iam
1087 1956 1281 2030 titulorum
1308 1957 1571 2032 Britannorum
1599 1957 1869 2032 conlectoribus
1897 1960 2077 2057 quaedam
2110 1957 2186 2031 eius
2214 1955 2357 2055 generis
2466 1999 2471 2007 ·

244 2096 500 2159 monumenta
527 2095 617 2158 nota
642 2085 804 2174 fuerunt,
832 2082 1046 2156 Lelandlo
1075 2084 1158 2158 dico
1185 2096 1224 2158 et
1251 2083 1487 2176 Oamden0,
1515 2085 1612 2160 inter
1640 2086 1743 2162 cuius
1770 2087 1908 2161 amicos
1935 2085 2150 2160 Franciscus
2175 2082 2356 2159 Godwin

261 2213 456 2314 episcopus
491 2211 742 2286 Landavensis
778 2236 821 2284 ea
856 2211 1122 2310 suppeditavit3
1168 2214 1252 2287 inde
1290 2215 1326 2287 in
1359 2211 1519 2288 Orellii
1557 2213 1723 2314 syllogen
1753 2239 1874 2314 pauca
1904 2239 2031 2288 eorum
2062 2213 2242 2288 translata
2272 2221 2359 2285 sunt

263 2339 328 2438 (N.
351 2344 397 2414 92
421 2377 472 2405 =
498 2339 563 2416 Or.
584 2343 702 2428 27783
729 2338 773 2412 N.
797 2343 943 2414 106·=
968 2339 1031 2415 Or.
1054 2341 1186 2438 2779).
1241 2340 1441 2416 Primarius
1473 2368 1595 2416 rerum
1623 2342 1896 2418 Gambricarum
1931 2342 2089 2440 scriptor
2120 2340 2357 2415 Edwardns

168 2535 171 2540 .
261 2469 428 2568 Llwyd,
457 2470 521 2567 qui
548 2468 694 2544 saeculo
711 2467 816 2542 XVII
842 2467 947 2558 vixit,
976 2469 1091 2542 multa
1118 2469 1225 2544 huius
1252 2496 1402 2568 qnoque
1428 2471 1571 2570 generis
1598 2483 1835 2546 monumenta
1860 2471 1999 2571 primus
2027 2467 2229 2568 descripsit.
2281 2467 2357 2542 Ali·

262 2609 402 2696 quanto
437 2597 568 2672 deiude
599 2597 706 2695 plura
740 2623 762 2669 a
796 2596 1021 2694 singularum
1051 2597 1241 2696 regionum
1272 2597 1596 2698 historiographis,
1632 2600 1759 2697 quales
1791 2601 1979 2674 abundare
2011 2610 2140 2672 notum
2174 2609 2231 2670 est
2262 2596 2359 2669 inter

259 2717 471 2815 Britannos,
499 2750 546 2798 ex
572 2725 664 2800 locis
693 2724 754 2799 ubi
781 2735 909 2798 extant
935 2725 1069 2800 abditis
1096 2725 1312 2824 plerumque
1339 2736 1529 2826 protracta
1555 2737 1592 2800 ct
1611 2727 1784 2826 operibus
1801 2726 1950 2801 illorum
1967 2726 2104 2802 inserta
2122 2736 2219 2798 sunt.
2261 2724 2358 2798 Raro

262 2864 387 2926 autem
421 2853 506 2927 eius·
529 2851 674 2950 generis
704 2852 820 2926 libros
854 2852 994 2952 patrios
1027 2853 1119 2928 fines
1151 2855 1329 2928 excedere
1361 2854 1555 2953 rariusque
1590 2854 1700 2930 etiam
1732 2856 1786 2928 ab·
1811 2854 1862 2930 eis
1894 2853 1985 2954 legi,
2022 2879 2180 2952 quorum
2206 2852 2360 2925 interest

262 2992 502 3056 monumenta
529 2980 591 3054 illa
618 2980 779 3071 novisse,
814 2980 911 3055 inter
937 3007 1064 3055 omnes
1098 2992 1277 3056 constat.¹
1308 2980 1434 3080 Nuper
1460 2983 1608 3058 demum
1634 2982 1846 3058 consociata
1873 2983 2072 3057 multorum
2099 2977 2228 3080 opera,
2265 3005 2358 3078 quae

263 3119 421 3208 quantas
448 3110 544 3182 vires
577 3109 712 3182 habeat
743 3135 816 3182 non
848 3109 884 3182 iu
912 3110 1010 3184 vitae
1035 3110 1205 3210 publicae
1235 3108 1447 3210 privatacve
1478 3121 1623 3184 tantum
1655 3111 1859 3186 rationibus
1886 3109 2022 3185 totiens
2049 3119 2264 3210 conpertum
2291 3119 2358 3200 cst,

262 3237 405 3337 planius
432 3237 495 3312 illa
522 3262 671 3336 quoque
698 3217 938 3312 monumenta
964 3238 1134 3336 conquiri
1156 3249 1199 3313 'at
1224 3237 1413 3314 inlustrari
1440 3250 1572 3339 coepta
1598 3250 1696 3312 sunt.
1741 3237 1841 3313 luter
1867 3239 2107 3333 societates
2126 3237 2221 3312 enim
2241 3236 2359 3310 varias

262 3365 562 3455 Britannicas,
601 3366 737 3464 ¹quibus
771 3367 807 3439 in
841 3392 899 3440 res
932 3377 1095 3441 vetustas
1128 3367 1313 3466 inquirere
1346 3367 1577 3467 propositum
1611 3378 1683 3458 est,
1717 3393 1799 3442 cum
1833 3367 2018 3440 interdum
2049 3366 2212 3464 reliquae
2244 3363 2360 3438 veluti

263 3489 621 3594 antiquariorum
662 3492 996 3585 Londiniensis,
1038 3495 1293 3569 institutum
1334 3495 1716 3594 a'rchaeologicnm
1755 3495 2077 3583 Britannicum,
2117 3492 2359 3598 associatio

264 3649 357 3722 quae
394 3633 548 3697 vocatur
584 3623 946 3721 archaeologica,
980 3623 1309 3721 Archaeologia
1342 3623 1525 3698 Aeliana
1558 3634 1595 3699 et
1628 3623 1957 3723 Archaeologia
1988 3622 2180 3712 Scotica,
2216 3621 2360 3719 generis

170 3763 175 3774 '
263 3751 360 3826 illius
394 3761 635 3824 monumenta
668 3751 964 3853 proposuissent,
997 3761 1076 3824 tum
1109 3776 1215 3849 quae,
1237 3750 1430 3826 Cambriae
1462 3777 1557 3851 quae
1590 3752 1724 3826 dicitur
1755 3751 1832 3826 sive
1864 3739 2005 3826 Galliae
2037 3751 2271 3825 Britannicae
2302 3749 2360 3822 vel

262 3879 491 3980 principatus
516 3875 710 3951 Wallensis
742 3877 934 3952 historiam
967 3889 1002 3952 et
1035 3865 1274 3977 antiquitates
1306 3879 1503 3979 praecipue
1530 3880 1701 3956 colendas
1729 3878 1798 3953 sibi
1825 3879 1997 3980 sumpsit,
2030 3873 2361 3977 Archaeologia

265 3995 565 4096 Gambrensis,
591 4004 677 4079 inde
704 4008 750 4080 ab
778 4031 874 4080 anno
900 4007 977 4081 fere
1004 4007 1113 4084 huius
1132 4007 1268 4082 saeculi
1288 4006 1570 4106 quadragesimo
1589 4007 1775 4106 quintolo
1794 4007 2236 4097 voluminibusactorum,
2266 4031 2360 4104 quae

264 4134 402 4233 publici
429 4134 517 4208 iu‘ris
544 4135 641 4208 facta
668 4145 756 4207 sunt
782 4135 977 4210 nunciam
1004 4135 1158 4232 triginta
1184 4160 1348 4226 numero,
1380 4135 1520 4236 lapides
1540 4135 1629 4226 'illos
1656 4137 1884 4236 indagandos
1911 4135 2107 4235 inscriptos
2134 4145 2173 4209 et
2198 4135 2396 4238 edendos'

265 4261 418 4337 curavit.
459 4261 489 4336 Ε
509 4262 618 4352 sociis
637 4271 758 4338 autem
778 4263 856 4337 eius
876 4263 1063 4338 societatis
1081 4274 1229 4362 praeter
1246 4264 1318 4337 iam
1337 4264 1413 4338 vita
1430 4263 1578 4340 functos
1595 4264 1748 4361 aliquot,
1774 4263 1888 4339 veluti
1906 4262 2142 4342 Heuricum
2160 4262 2361 4362 Langue-

156 4409 177 4476 ·,
265 4389 371 4463 ville
398 4391 531 4464 dones
560 4391 742 4492 aliosque,
777 4394 849 4466 dno
878 4390 1044 4498 inprimis
1072 4391 1275 4466 extiterunt
1300 4391 1369 4465 viri
1397 4391 1497 4502 docti
1523 4392 1764 4491 provectioris
1793 4393 1924 4467 aetatis
1951 4392 2055 4484 alter,
2088 4390 2360 4480 alteriuvenis,

266 4518 329 4616 qui
363 4520 410 4592 de
446 4518 562 4592 titulis
596 4517 787 4594 Cambriae
822 4521 1055 4620 potissimum
1090 4519 1299 4595 christianis
1332 4522 1426 4594 bene
1457 4519 1579 4593 meriti
1610 4533 1712 4612 sunt,
1748 4520 1828 4595 lon.
1853 4519 1898 4596 Ο.
1917 4518 2142 4596 Wasrwoon
2175 4519 2363 4619 professor

179 4739 182 4746 Ι
267 4645 488 4722 Oxoniensis
516 4658 554 4721 et
579 4645 659 4720 lon.
680 4646 784 4722 Rnrs
810 4647 1016 4748 Rbylensis.
1932 4636 1935 4642 λ
2065 4643 2069 4652 ’
2227 4657 2230 4663 “
2316 4727 2317 4730 ,

419 4777 542 4872 Atque
567 4751 888 4850 Westwo'odius
922 4777 1090 4876 quidem,
1110 4777 1193 4876 qui
1224 4777 1296 4850 iam
1329 4776 1366 4852 iu
1398 4775 1493 4852 libro
1529 4803 1596 4852 suo
1628 4777 1983 4877 Palaeographia
2014 4801 2137 4852 sacra
2168 4773 2363 4875 pictoria

256 4901 443 5002 inscripto
476 4901 597 5000 (bet'np
630 4929 652 4976 a
684 4902 790 4977 sanes
822 4903 865 5001 os
887 4903 1115 4978 illentrutt'orn
1142 4905 1186 5003 os
1208 4903 1263 4979 tlte
1290 4903 1433 4978 ancient
1464 4904 1690 5003 veronenses
1712 4905 1766 4980 tlte
1792 4904 1878 4981 lette
1906 4916 1975 4981 cet.
2010 4903 2180 4978 Londinii
2208 4905 2363 4977 1843--
2441 4954 2449 4968 .

270 5035 366 5104 1845
395 5033 448 5128 4.)
476 5043 513 5105 et
539 5031 576 5104 in
605 5031 684 5105 aliis
704 5030 878 5130 operibus
898 5032 1214 5140 palaeographicis
1234 5042 1445 5109 accuratum
1466 5033 1543 5106 eius
1561 5033 1663 5108 modi
1680 5060 1802 5109 rerum
1821 5033 1999 5108 arbitrum
2019 5058 2099 5108 sesa
2115 5031 2361 5133 praestiterat,

425 5391 454 5466 ¹)
488 5392 524 5450 R.
546 5391 585 5451 ·F.
608 5391 656 5452 Le
678 5393 757 5451 Men
785 5393 815 5450 in
840 5411 924 5450 ree-ae
945 5393 1161 5471 ercliolopipne
1183 5393 1294 5452 XXIX
1320 5395 1398 5454 1875
1413 5383 1451 5471 p.
1468 5395 1522 5456 89:
1551 5396 1646 5453 darre
1667 5383 1774 5472 ipsque
1795 5397 1943 5466 anct‘enne,
1965 5391 2364 5471 psas-eusaaV111⁶,ea

266 5491 319 5549 IX
321 5497 332 5526 ⁶
355 5510 391 5549 oa
413 5511 452 5550 aa
474 5492 521 5550 X‘
536 5496 633 5565 siecle,
655 5495 679 5552 il
700 5497 769 5553 e'teit
791 5493 908 5570 d'asupe
930 5493 964 5553 e‘a
986 5495 1258 5572 Basse-Bretapne,
1283 5515 1385 5555 comme
1406 5515 1440 5554 ea
1461 5475 1580 5568 deesse,
1602 5515 1635 5555 en
1657 5497 1786 5566 blande,
1809 5497 1882 5555 elane
1904 5497 1929 5555 le
1947 5513 2022 5576 pays
2044 5495 2093 5552 des
2119 5492 2220 5553 Galles
2242 5503 2267 5553 et
2289 5495 2363 5554 dens

267 5593 298 5650 la
315 5593 499 5654 Cornoaaille
517 5596 658 5670 eaplaise,
681 5597 715 5654 de
735 5613 871 5672 marqaer
894 5596 924 5654 la
945 5595 1091 5672 sepulture
1112 5598 1160 5655 des
1180 5615 1374 5673 personnupes
1396 5601 1565 5674 importante
1585 5617 1643 5674 per
1664 5617 1717 5656 ane
1740 5598 1840 5674 lenpae
1858 5601 1954 5672 pierre
1969 5595 2096 5672 plantis,
2117 5607 2207 5672 ayant
2228 5595 2364 5670 Iasorrns

268 5693 351 5754 dans
368 5697 521 5771 pyramide
536 5715 579 5754 oa
601 5695 668 5755 d'en
691 5699 759 5757 eine
774 5700 908 5774 nonque.
949 5698 1001 5758 Ces
1021 5701 1131 5774 pierres
1153 5700 1257 5757 etaient
1279 5709 1395 5758 soaaent
1417 5699 1561 5759 cannelies
1584 5701 1619 5758 cle
1640 5699 1841 5757 licat-enies
1859 5699 1932 5756 deas
1947 5707 2006 5756 tout
2020 5697 2081 5756 leur
2093 5705 2243 5772 pourtoar.
2280 5696 2364 5755 Elles

267 5797 369 5856 etaient
389 5797 565 5874 quelquesois
588 5800 759 5860 sarmontiee
783 5797 867 5859 dane
888 5804 968 5860 crois
990 5801 1024 5858 de
1042 5803 1147 5877 pierre.
1187 5799 1311 5860 Soarent
1331 5805 1413 5860 aussi
1433 5819 1488 5860 aas
1509 5805 1590 5860 ercis
1606 5801 1703 5878 pettie
1724 5801 1793 5858 teate
1812 5800 1917 5876 prante
1939 5817 1972 5858 en
1993 5817 2078 5858 neue
2098 5817 2150 5857 sar
2170 5817 2225 5856 une
2239 5799 2273 5857 eie
2288 5799 2363 5858 lseers

260 5897 353 5972 seces.
398 5899 560 5970 Rurement,
584 5919 615 5958 en
639 5899 785 5976 Bretupne
807 5913 927 5973 sartout,
950 5903 1017 5961 elles
1036 5905 1181 5978 portoient
1201 5921 1256 5960 ane
1276 5905 1446 5978 inscription
1467 5906 1519 5978 qui
1532 5905 1643 5977 sciscit
1664 5906 1808 5976 connaltre
1830 5903 1856 5960 le
1876 5921 1941 5960 nom
1962 5903 2001 5960 da
2022 5902 2127 5977 ditant.
2169 5899 2213 5958 Le
2234 5900 2364 5975 de'parte-

267 6009 340 6058 rnent
361 6001 395 6058 eie
411 6001 566 6060 Morbilrea
583 6003 706 6076 posside
727 5997 954 6078 quelquesssanes
976 6006 1011 6062 de
1033 6021 1077 6063 ees
1099 6007 1281 6080 inscriptions
1304 6007 1355 6081 qai
1377 6015 1440 6063 sont
1453 6005 1519 6079 sort
1542 6006 1749 6064 interessentes.
1791 6003 1835 6064 On
1854 5985 2175 6080 disipne'ectaeileraent
2189 6019 2233 6060 ces
2245 6005 2365 6077 pierres,

268 6119 300 6159 en
322 6101 482 6178 Bretapne,
509 6121 576 6161 eoas
603 6103 628 6162 le
654 6121 717 6161 nom
733 6081 782 6162 ¹de
805 6103 918 6164 Lee'ls.
962 6105 1046 6164 Ellee
1072 6115 1136 6165 sont
1162 6109 1372 6166 arcessirernent
1396 6106 1591 6178 nombrenses,
1614 6107 1852 6183 principatuum
1877 6107 1951 6164 dens
1978 6105 2003 6164 Ie
2024 6103 2166 6164 Finistire
2192 6113 2217 6162 et
2243 6103 2317 6162 dans
2339 6105 2365 6162 le

267 6201 430 6263 Morbilen.
508 6205 511 6210 '
1101 6208 1107 6221 '
2135 6193 2139 6202 ’

2018 6307 2058 6364 a*
